1747 2936
571 126 685 177 192
916 100 1506 166 COMPENDIUM

561 202 722 287 quod
750 202 927 263 fiebat
953 201 1103 263 taeta
1129 201 1518 285 ejus‘auricula
1545 214 1602 284 ἓ,
1617 250 1625 263 1
1643 207 1734 289 qui

552 291 665 346 ima
692 289 841 346 auris
870 285 1181 346 memoriae
1206 285 1356 346 sedes
1382 284 1699 349 habebatur
1727 289 1732 329 ³

550 367 670 430 Sed
714 367 910 450 postea
965 366 1155 427 edicto
1198 368 1480 431 Praetoris
1535 384 1729 430 cautut

554 450 700 529 fuit,
749 466 850 528 ut,
896 448 939 509 fi
982 451 1106 532 quis
1148 449 1209 509 in
1244 452 1338 532 jus
1366 466 1607 512 vocatus
1649 473 1726 513 no

555 535 665 594 iret
691 577 712 609 ‚
769 531 1053 592 satisdaret
1079 577 1100 609 9
1143 531 1303 608 fore,
1344 546 1410 591 ut
1449 531 1501 593 se
1541 535 1602 594 in
1636 536 1724 615 jul

553 614 774 675 sisteret
802 628 843 673 ⁶.
929 614 990 674 Si
1031 634 1157 673 reus
1197 607 1353 691 satiS‚
1395 614 1489 675 vel
1530 630 1721 676 cautu}

551 718 672 756 non
700 694 935 755 dedisset
949 739 969 772 9
986 695 1118 777 post
1146 696 1578 759 antestationem
1594 699 1653 758 in
1672 701 1717 780 ji

550 777 873 838 ducebatur
902 777 972 836 ad
999 780 1335 838 Praetorem
1364 779 1714 860 postulation

550 860 656 920 bus
685 861 1009 934 sedentem3
1056 860 1309 943 alioquin
1337 862 1397 921 in
1439 881 1712 923 carcereis

548 942 649 1002 ubi
692 941 1003 1002 servaretur
1044 943 1102 1001 in
1141 941 1469 1024 sequentem
1512 944 1709 1024 postul:

549 1026 723 1085 tionis
766 1024 1023 1084 diem.in
1059 1027 1191 1105 jure
1236 1024 1460 1085 sistendi
1506 1026 1688 1087 cauffa

544 1107 736 1182 Qiod
767 1105 808 1165 fi
839 1108 961 1188 quis
990 1106 1151 1166 domi
1179 1106 1303 1167 suae
1331 1107 1609 1186 latitaret,
1655 1130 1704 1169 e:

542 1190 768 1249 trahere
810 1188 1043 1270 quidem
1099 1211 1233 1250 eum
1289 1189 1421 1250 inde
1462 1211 1582 1250 non
1623 1190 1698 1251 lic

545 1269 689 1330 bate
728 1315 747 1347 ,
806 1271 936 1352 quia
992 1270 1084 1330 sua
1138 1271 1344 1333 domus
1414 1271 1692 1334 tutiffimu

545 1354 754 1434 cuique
797 1352 1084 1434 refugium
1114 1369 1285 1436 atque
1325 1354 1692 1434 receptacula

543 1433 628 1493 est
656 1463 677 1507 3
738 1455 938 1494 verum
981 1433 1169 1494 edicto
1226 1436 1508 1495 Praetoris
1534 1481 1554 1512 ,
1599 1458 1689 1515 qu«

541 1516 612 1575 ad
641 1516 800 1576 aedes
841 1517 920 1576 rei
963 1535 1100 1575 cum
1141 1517 1444 1576 testatione
1486 1515 1695 1598 affigeb

543 1613 672 1674 tur,
717 1603 912 1658 citatus
953 1596 1063 1656 fuit
1080 1625 1101 1669 3
1149 1598 1246 1675 δί,
1292 1597 1333 1657 fi
1378 1598 1577 1658 tertiae
1606 1598 1682 1658 cit

539 1681 687 1738 tioni
717 1679 957 1757 (fiebant
984 1678 1283 1739 citationes
1325 1679 1527 1739 decem
1555 1678 1690 1741 djeb·

537 1762 688 1821 inter
717 1760 959 1843 singulas
1002 1761 1347 1843 interpositis
1374 1761 1422 1836 f)
1467 1783 1592 1822 reus
1634 1782 1677 1822 n·

538 1842 838 1924 paruisset,
882 1843 1164 1902 Praetoris
1191 1842 1425 1903 decreto
1452 1842 1606 1904 bona
1632 1846 1675 1925 e}

538 1923 804 2004 poffideri
831 1970 852 2004 ,
895 1922 1170 2007 proscribi
1216 1925 1278 1986 ὃς
1317 1924 1546 1985 distrahi
1579 1924 1673 2067 δῇὲὶ

541 2168 568 2203 a
604 2161 758 2203 Horat.
780 2155 823 2203 d.
844 2154 882 2204 l.
901 2156 972 2218 vs.
993 2168 1065 2216 77·
1104 2154 1256 2204 Plaut.
1293 2162 1425 2204 Curc.
1445 2159 1511 2204 A.
1532 2161 1583 2207 V.
1599 2139 1640 2205 ἐ.
1678 2152 1680 2154 ’

604 2221 672 2278 vfi
693 2233 768 2283 23.
782 2222 871 2284 seq.
940 2219 969 2268 b
1002 2220 1174 2269 Servius
1200 2221 1258 2268 ad
1284 2222 1397 2285 Virg.
1418 2220 1508 2268 Ecl.
1529 2234 1605 2269 VI.
1622 2238 1671 2279 vs

599 2297 627 2332 c
662 2285 808 2346 Tinff.
826 2282 869 2347 st
890 2284 984 2350 quis
1015 2286 1061 2333 in
1077 2286 1153 2347 jus
1175 2301 1267 2332 voc.
1290 2302 1374 2333 non
1394 2285 1469 2334 ier.
1532 2282 1563 2332 d
1599 2283 1666 2332 Plo

597 2350 731 2408 Persa
765 2364 837 2398 11.
867 2364 941 2399 1v.
970 2351 1040 2412 vs.
1075 2348 1145 2398 18.
1176 2348 1268 2397 Vid.
1305 2350 1375 2398 cl.
1410 2349 1554 2398 Noodt
1584 2347 1667 2406 obsi«

603 2426 678 2461 11.
703 2431 739 2462 e.
757 2429 832 2463 20·
903 2428 930 2463 e
966 2413 1074 2464 1·18.
1092 2428 1145 2466 <9¹
1165 2429 1238 2463 21-
1254 2413 1375 2477 ffide
1394 2414 1440 2462 in
1461 2415 1530 2473 jus.
1549 2419 1658 2463 voca

593 2480 688 2551 Cf'c.
706 2490 783 2544 pro
808 2485 949 2530 Domo
969 2494 1001 2530 c·
1024 2492 1097 2542 41·
1171 2478 1197 2528 f
1220 2477 1251 2528 l.
1279 2477 1354 2545 68.
1372 2476 1536 2546 sqq-ff
1552 2477 1657 2543 ‚dejt

595 2558 677 2590 cm·
1533 2571 1543 2596 5
