1747 2936
617 58 742 136 '442
952 53 1533 135 comanorum
1611 59 1614 62 ⁴

616 152 747 217 sunt
778 165 834 232 ²,
875 153 998 213 imo
1025 176 1058 215 a
1082 153 1445 217 severioribus
1484 160 1542 219 in
1580 157 1718 226 servi·

617 254 738 299 tem
767 235 982 297 venditi
1007 236 1031 275 b
1052 282 1072 316 ,
1115 253 1212 298 aut
1239 238 1467 299 infamia
1493 245 1701 304 notatit

618 320 738 381 hoc
779 319 1121 402 quandoque
1162 320 1556 382 interceffione
1595 319 1717 395 Tfi}

617 423 826 463 norum
856 401 1034 484 plebis
1062 401 1143 461 est
1168 413 1189 440 ⁶
1219 401 1576 483 prohibitum
1604 450 1625 482 ,
1671 407 1714 469 n

616 507 682 545 ea
711 485 972 566 cognitio
1001 484 1232 566 proprie
1261 483 1579 546 Consulum
1606 487 1714 550 ess'e

616 569 833 649 quippe
860 587 1031 648 penes
1073 587 1215 648 quos
1256 565 1588 628 bellicarum
1626 590 1712 631 rer

614 648 1024 709 administratio
1053 649 1205 709 effet.
1290 648 1447 724 Qua
1474 667 1660 712 autem
1686 667 1711 714 c

616 730 746 791 dam
767 746 868 808 ,ut
899 731 1131 791 militiae
1160 730 1212 790 se
1241 729 1465 811 ineptos
1495 731 1710 813 reddesse'

602 818 844 892 pollicem
886 812 987 873 fibi
1029 815 1349 874 truncabant
1388 858 1408 891 ‚
1454 814 1611 874 Galli
1647 811 1710 897 lje

616 895 884 956 videntur
923 896 1059 955 tales
1102 896 1364 955 homines
1405 916 1616 958 vocare
1651 891 1707 977 ,³3

604 982 842 1057 poltrons
871 991 910 1035 θ.
956 978 1040 1038 At
1071 978 1245 1057 justae
1274 976 1487 1038 cauffae
1503 976 1630 1039 detr

615 1059 720 1120 dae
749 1059 983 1120 militiae
1013 1053 1170 1119 e1³aut
1201 1104 1219 1136 ‚
1266 1060 1454 1140 primo
1484 1105 1503 1138 ‚
1549 1061 1703 1129 Vaef‘*

615 1163 785 1223 quarn
819 1141 941 1224 quis
957 1139 1203 1202 habebat
1235 1141 1324 1200 vel
1353 1139 1423 1201 ab
1452 1158 1635 1206 aetate
1660 1134 1703 1221 ἒξ

616 1223 688 1284 ab
717 1224 942 1283 honore
968 1235 992 1274 ἕ
1022 1266 1042 1300 ,
1090 1240 1157 1283 ut
1200 1222 1573 1303 Magistratus
1617 1225 1699 1310 δεῖ

619 1306 878 1366 cerdotes
907 1332 927 1377 3
973 1305 1068 1365 vel
1096 1327 1126 1364 a
1152 1304 1440 1366 beneficio
1472 1309 1529 1384 ¹¹,
1574 1328 1607 1366 a

620 1403 686 1447 tu
713 1385 927 1447 scilicet
968 1430 988 1463 ,
1045 1402 1140 1446 aut
1184 1387 1412 1470 Populo
1458 1389 1699 1451 conceff'

622 1468 892 1530 Secundo
921 1512 942 1545 ‚
987 1469 1236 1529 Emerita
1249 1472 1515 1549 stipendia
1547 1492 1567 1531 .·
1610 1488 1635 1532 t
1680 1478 1687 1488 '

618 1553 849 1612 Morbus
875 1594 896 1626 ‚
939 1548 1030 1609 vel
1062 1551 1276 1611 Vitium
1307 1551 1367 1620 ¹<3
1414 1568 1480 1611 ut
1508 1597 1528 1629 ‚
1572 1573 1643 1615 ex
1672 1594 1677 1598 -

620 1634 802 1714 gratia
817 1678 836 1709 ‚
855 1632 1022 1714 fiquis
1048 1631 1241 1693 surdus
1270 1631 1404 1691 effet
1420 1679 1439 1711 ‚
1485 1635 1689 1719 quipp(v

619 1713 908 1775 clafficum
951 1713 1219 1773 exaudire
1265 1735 1383 1773 non
1428 1717 1629 1798 poffet.
1674 1735 1680 1742 ··

612 1796 755 1857 haec
786 1813 978 1856 tamen
1008 1796 1067 1856 in
1105 1800 1341 1856 tumultu
1384 1795 1694 1881 aliquando>

609 1877 797 1964 glecta
824 1878 952 1939 sunt
989 1876 1022 1937 ¹.
1109 1877 1386 1939 Tumultus
1414 1896 1606 1960 autem
1631 1884 1662 1943 b

609 2111 635 2145 a
669 2097 736 2144 Id.
758 2110 867 2146 VII.
897 2114 930 2144 c.
954 2113 1000 2156 4.
1097 2097 1127 2146 b
1164 2097 1251 2146 Cic.
1287 2110 1361 2160 pro
1387 2105 1451 2146 A.
1477 2101 1646 2151 Caecin.
1671 2115 1685 2147 ι

672 2176 699 2210 c
734 2163 826 2210 Vid.
857 2163 946 2209 Val.
968 2171 1187 2211 Max.vr.
1211 2179 1246 2209 c.
1275 2176 1298 2224 3
1329 2181 1371 2210 n.
1398 2180 1441 2222 4.
1509 2166 1538 2215 d
1573 2166 1684 2214 Lim:

671 2243 706 2274 c.
734 2239 809 2289 32.
874 2242 900 2275 e
935 2235 982 2276 V.
1010 2235 1183 2290 Menag.
1206 2228 1502 2286 amoenit.iur.
1526 2249 1560 2279 c.
1586 2244 1624 2293 3·
1646 2233 1650 2238 ’

671 2306 814 2339 xtu.
869 2306 903 2339 c.
961 2306 1035 2354 34.
1135 2307 1166 2356 g
1201 2293 1315 2340 Plut.
1364 2295 1549 2342 Camillo
1582 2295 1683 2356 verfi

671 2355 705 2404 h
739 2355 831 2402 Vid.
855 2358 944 2405 Cic.
971 2356 1145 2416 philipp.
1179 2372 1223 2403 v.
1253 2375 1286 2405 c.
1317 2373 1387 2420 19.
1467 2359 1479 2406 i
1515 2360 1611 2408 Liv.
1644 2371 1683 2414 x:

673 2435 709 2466 c.
739 2435 812 2482 19.
851 2421 942 2468 Vid.
967 2421 1092 2468 aliud
1109 2439 1244 2470 exem.
1265 2433 1335 2485 ap.
1358 2425 1446 2472 Cic.
1471 2423 1519 2471 cle
1547 2431 1605 2472 N.
1628 2429 1682 2471 D.

673 2497 720 2535 2.
816 2483 846 2537 k
881 2485 968 2534 Vid.
992 2493 1102 2534 Suet.
1144 2492 1262 2548 Aug.
1297 2504 1334 2535 c.
1359 2502 1435 2549 24.
1529 2487 1546 2540 1
1578 2487 1667 2541 Cio.

674 2561 868 2600 vunc.
894 2564 931 2615 ζ.
960 2549 1028 2619 gd,
1057 2556 1162 2621 Agr.
1193 2565 1298 2618 bag
1327 2550 1401 2619 18.-
1654 2551 1665 2558 ‘
