1747 2936
496 50 615 134 548
863 49 1445 120 CoMPENmuM

495 150 605 210 hac
645 168 787 230 aqua
829 148 1172 210 nubentium
1212 152 1381 233 pedes
1433 155 1701 217 lavaban-

498 241 666 289 tura.
751 230 980 290 Deinde
1022 231 1282 314 sponsae,
1325 237 1557 316 ejusque
1599 260 1702 298 co-

497 311 734 371 mitibus
760 333 792 371 a
835 311 1057 393 Sponso
1099 313 1335 374 dabatur
1375 337 1554 377 coena.
1596 340 1704 378 nu-

496 392 683 471 ptialis
712 391 771 469 ¹³,
815 393 1299 473 quemadmodum
1343 396 1402 455 in
1442 398 1704 480 sponsali-

496 472 603 533 bus
644 472 892 554 Sponsa,
934 477 1027 536 vel
1054 497 1173 555 ejus
1214 495 1469 558 parentes
1500 493 1521 519 ⁶
1568 501 1703 540 coe-

497 576 631 615 nam
672 555 899 616 dabant.
982 558 1053 617 In
1081 558 1188 618 hac
1232 579 1412 619 coena
1447 560 1725 628 tibicines

498 633 912 698 adhibebantur
938 684 958 718 9
1018 638 1080 699 &
1119 641 1393 701 convivae
1449 640 1698 719 Talaſjio-

499 740 617 778 nem
645 716 669 756 ‘¹
699 763 718 796 ‚
788 721 881 781 vel
953 721 1219 800 Talafium
1289 722 1631 784 invocabant
1679 739 1702 766 e

502 807 592 880 (ut
622 804 834 863 Graeci
860 805 1224 880 flymenaeum
1268 802 1318 879 f)
1350 805 1408 864 in
1433 807 1702 865 memori·
1742 827 1743 833 ¹

501 903 593 942 am
638 883 851 961 Talaffli
884 898 907 936 g
951 884 1278 968 cujusdam,
1321 888 1418 967 qui
1460 908 1594 948 cum
1635 908 1703 946 u·
1745 948 1747 956 ,

468 1029 471 1031 ‚
503 986 649 1026 xore
689 965 780 1026 sua
808 988 840 1026 a
884 968 1100 1029 Sabinis
1140 985 1298 1049 rapta
1338 990 1437 1049 per
1493 971 1704 1030 multos
1741 993 1744 1007 ·

503 1069 679 1108 annos
719 1048 1029 1111 feliciffime
1072 1050 1323 1112 vixerat:
1369 1051 1461 1110 Vel
1503 1051 1580 1111 ob
1619 1056 1702 1112 la-
1739 1075 1742 1089 ·

504 1133 669 1210 nificii
725 1134 1173 1210 mentionem-¹¹,
1243 1131 1399 1216 quod
1471 1132 1702 1193 Graecis

503 1215 749 1293 ταλαζίοι
803 1215 1028 1276 dicitur.
1113 1216 1272 1276 Mox
1325 1237 1474 1275 nuces
1512 1217 1525 1253 ἰ
1565 1236 1701 1296 pue-
1744 1231 1747 1262 ¹

505 1297 579 1355 ris
605 1296 1040 1378 spargebantur,
1072 1301 1233 1376 cujus
1263 1300 1340 1357 rei
1367 1298 1510 1357 ratio
1538 1297 1700 1358 veris·
1745 1331 1747 1368 1

505 1377 646 1438 fima
675 1379 898 1438 videtur
924 1379 1115 1455 fuisse,
1158 1396 1224 1437 ut
1251 1380 1329 1438 ita
1371 1400 1451 1438 res
1478 1381 1698 1439 ludicras
1737 1396 1743 1412 ·“

505 1460 559 1519 se
612 1460 925 1542 relinquere
978 1460 1312 1519 testarentur
1339 1459 1408 1516 k:
1470 1461 1531 1519 ὃ(
1568 1481 1696 1540 pro·
1742 1450 1747 1467 '

504 1558 698 1622 pterea
726 1543 895 1601 etiam
926 1541 1287 1622 puppafflsuas
1316 1542 1532 1602 Veneri
1560 1561 1695 1600 con·
1717 1551 1721 1555 '
1745 1573 1746 1582 κ

505 1622 792 1683 secrabant
832 1622 1056 1704 sponsae
1095 1623 1125 1682 ¹.
1209 1623 1376 1700 Pueri
1415 1642 1553 1681 vero
1585 1643 1692 1682 car·
1736 1654 1737 1660 κ

507 1706 662 1765 mina
730 1704 1003 1786 quaedam
1062 1704 1339 1765 obscoena
1394 1703 1453 1763 &
1510 1702 1692 1763 lascivf
1742 1735 1745 1773 ς

505 1787 807 1848 cantabant
834 1832 854 1865 ,
911 1789 1222 1868 Fescennina
1246 1798 1286 1825 ¹¹¹
1328 1784 1476 1845 dioia
1501 1813 1522 1858 3
1567 1786 1655 1846 vel
1686 1831 1692 1862 e

1550 1889 1743 1948 quoti

507 2032 534 2066 a
565 2024 688 2064 Serv.
723 2018 784 2065 ad
812 2023 925 2066 Aen.
963 2032 1035 2067 1v.
1070 2018 1173 2077 167.
1268 2016 1298 2065 b
1330 2017 1501 2077 Juven.
1533 2031 1608 2063 v1.
1640 2019 1691 2076 vs

570 2096 679 2143 203.
775 2099 801 2132 c
843 2084 930 2130 Cic.
961 2082 1068 2145 epist.
1100 2082 1162 2128 ad
1187 2083 1341 2144 Qint-
1374 2084 1442 2141 fr.
1481 2096 1551 2128 11.
1582 2098 1623 2127 n.
1661 2098 1684 2141 ς

573 2148 605 2195 d
643 2147 732 2194 vid.
768 2148 973 2196 Martial.
1010 2161 1050 2195 1.
1081 2163 1123 2193 n·
1163 2161 1237 2208 35.
1323 2161 1349 2194 e
1383 2143 1499 2194 Plut‘.
1532 2145 1690 2191 Romul

569 2224 612 2273 p.
655 2229 714 2258 m.
746 2212 819 2259 26.
864 2218 922 2257 B.
1019 2212 1043 2259 f
1094 2219 1211 2259 Serv.
1254 2211 1316 2258 ad
1358 2216 1475 2258 Aen.
1511 2225 1551 2257 1.
1594 2213 1683 2271 655

570 2291 644 2324 1v.
676 2292 754 2338 99.
789 2277 895 2340 316.
990 2290 1020 2338 g
1071 2277 1172 2322 Liv.
1212 2283 1247 2322 Ι.
1289 2292 1320 2322 c·
1359 2291 1404 2336 9.
1501 2274 1531 2322 h
1586 2276 1691 2320 Plut

567 2341 740 2403 Quest.
785 2349 907 2389 Rom.
934 2352 978 2401 p.
1010 2357 1068 2386 ma
1103 2353 1212 2398 271.
1243 2344 1295 2386 E.
1341 2347 1473 2386 Varro
1502 2347 1570 2397 ap.
1600 2337 1692 2396 Fest·

566 2418 612 2452 v.
647 2404 826 2467 Talasio.
923 2405 938 2453 i
993 2404 1159 2454 Catuli,
1194 2420 1326 2450 carm.
1360 2405 1434 2452 62.
1527 2400 1581 2449 k>
1614 2403 1691 2448 Vid

569 2472 686 2531 Pers.
719 2477 760 2516 S.
798 2485 837 2518 1.
870 2472 937 2532 vs
976 2486 1049 2519 10.
1115 2466 1131 2519 1
1163 2476 1289 2534 Pers.
1317 2480 1489 2535 .11·70·
1554 2480 1605 2519 m
1637 2473 1693 2536 89

563 2549 650 2583 nec.
683 2534 801 2585 Med.
834 2537 902 2601 νβ
932 2549 1037 2601 113·
1123 2532 1130 2536 ⁶
1163 2533 1175 2537 ’
1231 2532 1272 2539 ““
1713 2542 1718 2545 ’
