1747 2936
56 0 110 50 ’.ῗῖ

174 88 534 168 Ἀ-Ντῐιζυιτ.
573 93 852 155 Roma
999 106 1118 176 471

101 189 155 269 ὲ,
185 212 338 273 -quae
363 189 537 251 hodie
579 194 779 254 Santen
820 190 1123 270 dicuntur,
1202 215 1207 229 ·

99 277 171 334 ’ae
199 276 492 349 Ubiorum,
535 275 828 353 Paffavio‚
870 274 1122 357 aliisque3

76 380 78 386 ·
111 353 299 414 nostra
327 355 530 414 vicinia
557 376 708 436 pago
738 353 930 414 multis
963 355 1121 415 urbi-

55 460 57 462 *
86 434 369 494 illustriori
426 438 634 514 Alphea
663 480 683 512 9
739 434 838 494 ubi
893 437 1126 514 Alpheni

87 515 214 576 dam
245 518 419 576 castra
445 515 602 577 fuisse
629 518 914 577 dicuntur.
985 517 1055 577 N
1057 536 1126 576 ec

76 613 172 657 nte
197 597 430 658 demum
471 598 799 679 Republica
826 598 941 657 hoc
969 597 1124 658 obti-

71 706 95 751 3
142 678 365 738 Verum
388 683 507 760 jam
537 695 800 760 tempore
827 679 1131 761 Tarquinii

89 757 173 818 rbi
223 760 281 818 in
322 758 567 820 formam
608 760 725 820 fere
764 758 994 820 urbium
1032 761 1124 821 hi-

48 903 57 914 ,
171 839 458 901 struebant
483 854 528 900 ².
615 841 825 914 Castris
880 841 1125 902 hibernis

53 919 174 984 esta
200 937 356 981 erant
383 923 684 1001 Procestria
713 922 737 961 ¹²
750 952 771 995 3
817 922 915 982 ubi
942 922 1121 1000 lixae,

57 1023 153 1062 nes
180 1046 200 1079 ‚
285 1002 581 1084 similisque
646 1002 804 1064 sortis
867 1004 1126 1064 homines

96 1083 250 1144 bant.

49 1186 204 1225 orma
231 1167 515 1244 castrorum
553 1181 672 1226 erat
686 1210 706 1241 ,
750 1165 924 1248 qualis
950 1166 1009 1225 in
1036 1180 1120 1224 ta-

86 1246 181 1306 hic
202 1247 400 1327 junffca
427 1267 501 1306 ex
531 1246 731 1327 Lipfio
759 1269 881 1307 eam
911 1247 1122 1307 deline-

39 1330 385 1405 curavimu8‚
428 1327 526 1387 ubi
552 1327 807 1388 videm-us
833 1350 896 1386 ea
924 1328 1122 1387 latiore

44 1407 105 1469 in
131 1408 264 1468 duas
304 1425 487 1489 partes
526 1408 687 1469 fuisse
726 1408 1015 1485 distin&a‚
1059 1409 1118 1467 in

102 1494 262 1550 iorem
290 1511 543 1570 nempe,⁴
575 1491 636 1550 &
668 1491 994 1569 Inferiorem.
1051 1491 1124 1549 'In

59 1572 238 1630 eriore
262 1572 571 1631 castrorum
602 1589 760 1652 parte
787 1572 976 1650 primo
1005 1586 1125 1631 erat

61 1656 313 1728 zetarium,
344 1652 416 1710 A.
435 1651 547 1711 five
577 1651 986 1712 sabernaculum
1012 1655 1125 1711 Im·

60 1736 222 1808 toris,
267 1732 328 1791 ὃς
370 1733 520 1791 circa
558 1732 698 1791 illud
739 1753 862 1791 area
902 1732 1026 1791 laxa
1067 1732 1129 1791 ὃς

86 1829 202 1873 rata
241 1812 309 1872 ad
345 1816 464 1896 ejus
504 1815 878 1889 comitatum,
921 1829 1128 1872 contu-

75 1894 182 1954 ales
210 1937 230 1970 ‚
273 1894 678 1974 impedimenta
704 1939 724 1971 ,
768 1895 882 1953 δῖε.
926 1894 1130 1974 recipi-

44 1992 108 2034 sa:
152 1975 263 2034 fuit
303 1990 492 2034 autem
535 1975 650 2034 hoc
691 1976 1045 2035 Praetorium
1074 1976 1134 2034 in
1181 1981 1185 1988 '

74 2055 127 2116 'o
155 2058 393 2116 Ducum
427 2057 488 2116 &
518 2056 764 2116 militum
795 2057 1132 2138 praecipuo-

68 2176 82 2201 -,
164 2137 259 2195 Ad
287 2137 558 2197 Praetorii
606 2138 871 2198 dextrum
902 2138 1042 2197 latus
1070 2137 1132 2196 δε

28 2216 163 2282 ,idia
204 2220 321 2301 ejus
364 2218 754 2300 magnitudine
790 2218 898 2277 fuit
941 2219 1130 2300 Quae-

39 2300 176 2375 ium,
214 2298 405 2380 (quod
432 2315 622 2360 tamen
648 2315 778 2361 ante
803 2299 1012 2380 Polytii
1043 2319 1133 2358 ae-

955 2395 1139 2440 tatem

28 2487 128 2538 “on.
160 2492 301 2540 Halia.
339 2506 411 2541 tv.
444 2508 478 2540 c.
511 2493 590 2557 63·
653 2492 683 2543 b
716 2493 816 2556 Fest.
847 2492 926 2541 hac
959 2499 1008 2541 V.
1040 2491 1128 2540 Vid-

43 2568 102 2603 σε.
133 2556 236 2607 flia.
275 2570 342 2605 ιν-
379 2572 414 2606 c.
445 2570 524 2606 22.
