1747 2936
343 79 792 153 ANTIQJITAT.
819 74 1114 142 -RoMANJ
1290 88 1339 153 '9

0 171 18 233 {—
135 174 450 252 fictorum,
494 177 557 238 &
596 177 821 258 templis
860 177 1207 239 exstruendis
1244 178 1333 241 in·-

0 258 20 316 i

0 363 17 416 ὀ

139 256 360 318 serviret
386 286 408 330 3
468 258 639 318 altera
691 257 879 318 ufibus
921 258 1161 339 publicis
1188 305 1209 338 ‚
1267 276 1335 321 ut

140 339 273 399 foris
314 339 376 398 &
415 338 652 400 basilicis
667 369 688 412 3
735 341 898 400 tertia
940 338 1183 421 denique
1223 340 1338 401 ufi-

143 419 242 479 bus
285 421 512 500 privatis
552 420 935 482 reservaretur.
1017 423 1184 484 Haec
1227 443 1335 502 po-

139 498 342 560 strema
395 502 575 563 rursus
628 503 689 562 in
741 502 977 584 triginta
1018 518 1202 583 partes
1243 524 1334 562 ae-

138 581 325 662 quales
366 605 474 664 pro
515 605 754 644 numero
783 585 1020 665 triginta
1049 586 1338 644 Cnrinrum

134 661 245 721 fuit
287 663 472 725 divisa.
556 667 719 726 Nam
774 686 1007 725 omnem
1048 664 1339 745 Populum

135 743 424 806 Romulus
463 749 524 808 in
561 762 672 806 tres
715 761 899 827 partes
939 743 1294 805 distribuerat
1307 774 1332 819 3

95 836 277 909 “quae
317 827 408 886 vel
449 850 481 888 a
520 831 717 887 tributo
747 828 918 885 dando
950 839 970 864 ²
984 853 1005 897 3
1049 825 1141 884 vel
1166 847 1202 884 a
1229 848 1329 884 nu-

134 927 274 981 mero
315 913 546 968 ternario
572 908 596 948 b
624 935 646 979 3
705 908 796 968 vel
849 905 1092 988 denique
1136 905 1331 987 (quod

134 987 476 1054 ven'ffimum
504 989 607 1062 est)
638 1010 669 1048 a
712 989 937 1051 Graeca
979 1008 1127 1048 Voce
1169 989 1333 1059 τριτυ’ς

134 1073 299 1150 (quae
338 1070 490 1152 apud
516 1071 858 1149 Athenienses
897 1072 1116 1129 tertiam
1155 1073 1328 1131 tribus

119 1167 332 1227 partem
359 1153 613 1226 notavit)
661 1151 846 1211 Tribus
885 1149 1012 1210 sunt
1051 1149 1232 1210 dietae
1257 1165 1280 1192 ⁶
1298 1180 1323 1224 3

129 1251 328 1314 easque
369 1233 608 1317 fingulas
649 1235 856 1293 iterum
898 1229 1086 1291 divifit
1124 1232 1185 1291 in
1226 1232 1327 1293 de-

131 1332 260 1375 cem
279 1317 447 1376 Curia
462 1344 482 1389 3
499 1316 570 1375 de
589 1315 790 1396 quibus
805 1333 944 1374 mox
958 1312 1130 1394 paulo
1144 1312 1327 1375 latius.

132 1392 463 1478 Unicuique
489 1397 701 1457 Tribui
728 1418 760 1456 a
786 1394 1051 1457 Romulo
1068 1393 1327 1456 Tribunus

131 1477 440 1554 praefeffitus
467 1478 676 1538 dicitur
703 1478 764 1549 ‘¹3
813 1475 968 1559 quod
994 1491 1187 1536 tamen
1214 1497 1322 1557 po-

129 1555 447 1620 sterioribus
486 1558 839 1641 temporibus
880 1579 999 1619 non
1038 1555 1326 1636 obtinuit,

126 1637 230 1696 nifi
258 1639 371 1699 hoc
398 1643 549 1720 prius
576 1641 646 1700 de
673 1640 942 1699 Tribuno
983 1638 1210 1697 militari
1236 1639 1325 1698 in-

130 1718 362 1799 telligas.
408 1723 548 1781 Erat
574 1736 765 1779 autem
794 1720 932 1779 haec
960 1717 1159 1776 divifio
1190 1732 1322 1797 apta

129 1798 200 1857 ad
254 1799 524 1861 dileetum
579 1800 879 1859 militarem
948 1796 1271 1856 habendum
1299 1824 1324 1870 3

128 1900 260 1941 nam
289 1902 361 1940 ex
392 1902 612 1962 quaque
639 1880 793 1939 tribu
832 1880 1020 1961 primo
1047 1876 1146 1936 illo
1176 1893 1327 1936 tem-

127 1983 268 2041 pore
307 1964 464 2025 mille
504 1963 556 2022 le
599 1961 837 2021 ebantur
876 1958 1092 2041 pedites
1137 1957 1325 2037 (unde

0 2080 2 2087 ι
85 2114 96 2125 .
126 2044 297 2103 etiam
338 2049 483 2105 miles
510 2047 565 2106 ei
621 2042 801 2107 dietus
842 2064 875 2103 a
914 2044 1037 2101 mile
1062 2060 1172 2120 pro
1199 2043 1321 2101 mil·-

762 2124 898 2203 A5‘
1276 2124 1324 2182 le

125 2305 152 2339 a
185 2289 341 2351 Afion.
364 2289 470 2339 adl.
498 2303 539 2345 1,
558 2289 605 2338 in
626 2295 739 2335 Verr.
764 2303 797 2334 c.
821 2300 866 2346 ς.
927 2284 958 2332 b
991 2282 1108 2330 Plut.
1127 2289 1249 2330 Rom.
1272 2288 1326 2344 pq

189 2365 267 2414 31.
286 2360 339 2402 B.
361 2351 721 2417 Aufhn.Gryph0.
738 2366 784 2398 v.
806 2362 880 2408 74.
946 2363 971 2396 c
1003 2349 1322 2401 Graev.Praef‘.

184 2420 231 2465 in
263 2422 314 2464 T.
356 2434 397 2468 1.
426 2422 539 2470 Ant.
576 2424 701 2465 Rom.
742 2413 843 2477 Voff.
887 2410 1118 2476 Etymolog.
1160 2408 1239 2467 hau«⁸
1270 2423 1322 2462 Vn

140 2536 146 2542 ,
185 2482 218 2534 d
249 2481 342 2536 Vid.
364 2483 492 2550 Pion.
511 2479 615 2541 Hal.
636 2479 666 2532 l.
683 2490 802 2545 prox.
822 2477 868 2531 d,
