1747 2936
256 78 708 150 ANTIQUITAT.
757 74 1044 138 ROMAMss
1208 86 1294 160 ὃς

87 175 530 258 vigintiviratum
545 220 567 253 ‚
609 195 816 316 exffr.
831 220 852 253 ,
898 178 1068 236 etiam
1088 177 1284 257 junio-

84 279 170 318 res
211 256 574 338 capiebant),
619 278 691 316 co
752 277 956 338 equens
986 256 1067 315 est
1099 260 1279 318 nemi—

84 359 214 399 nem
240 353 368 397 ante
392 340 760 419 quaestoriam
787 353 1026 397 aetatem
1043 338 1280 398 Senato-

82 439 200 478 rem
243 417 367 478 fieri
410 419 651 499 potuisse
685 432 705 460 ²
735 441 748 477 :
807 438 870 476 ea
911 434 1102 477 autem
1143 441 1280 499 pro-

81 497 339 558 babiliter
379 499 488 559 fuit
528 520 702 560 annus
743 499 934 558 aetatis
973 498 1275 560 vicefimus

79 580 307 660 quintus
335 582 360 620 b
388 626 408 658 a
462 598 529 641 ut
568 579 711 641 infra
749 580 1018 640 dicemus.
1099 580 1276 641 Licet

79 676 269 721 autem
324 663 519 744 aliquis
586 662 975 743 magistratum
1033 660 1273 741 geffiss‘et

75 757 376 821 propterea
428 761 619 804 tamen
687 743 963 802 continuo
1034 744 1275 805 Senator

76 843 195 883 non
222 839 339 883 erat
367 837 388 863 ⁶
404 868 424 900 ,
453 822 554 882 nifi
582 845 614 882 a
642 821 980 881 Censoribus
1007 821 1069 880 in
1098 823 1269 883 Sena-

43 918 51 927 ‘
79 918 205 963 tum
231 904 364 964 esset
391 903 563 963 lectus
580 932 600 975 3
616 901 709 962 sed
736 903 1004 982 EquiteS,
1034 903 1129 983 qui
1145 903 1268 963 Cu-

73 984 254 1044 rulem
283 985 667 1067 magistratum
695 984 1001 1065 gemm-ant,
1016 982 1150 1043 licet
1168 986 1269 1044 Se.-

64 1082 294 1125 -natores
323 1068 551 1148 proprie
579 1087 696 1125 non
725 1065 931 1142 essent,
975 1078 1167 1124 tamen
1175 1066 1270 1146 jus

74 1143 319 1229 suffragii
345 1149 405 1207 in
434 1151 643 1209 Senatu
683 1145 964 1206 habebant
977 1172 998 1216 5
1044 1147 1158 1222 ita,
1199 1163 1268 1206 ut

73 1227 178 1306 ipfi
220 1228 449 1310 quidem
475 1228 804 1288 sententiam
832 1249 951 1288 non
978 1225 1265 1303 dicerent,

71 1306 166 1367 sed
191 1326 258 1370 ut
273 1313 491 1388 pedibus
530 1314 586 1370 in
625 1313 848 1370 aliorum
873 1309 1193 1388 sententiam
1219 1313 1268 1367 i-

74 1405 224 1462 rem‘3
272 1393 393 1474 (qui
436 1413 559 1451 mos
586 1390 869 1471 hodieque
896 1411 927 1448 a
956 1389 1266 1449 Cardinali-

74 1468 179 1529 bus
217 1472 277 1532 in
316 1472 576 1555 eligendo
618 1474 769 1552 Papa
820 1470 1082 1531 servatur.
1125 1470 1264 1531 Vid.

75 1555 331 1612 Amelott.
354 1557 429 1613 ad
455 1552 620 1613 Tacit.
651 1557 726 1611 A.
756 1556 902 1613 l.v1.
933 1574 974 1611 c.
1000 1551 1114 1623 12.)
1158 1573 1264 1611 un-

75 1631 146 1691 de
187 1634 247 1692 hi
291 1635 584 1694 Senatores
625 1634 853 1691 Pedarii
891 1631 1016 1691 sunt
1057 1631 1192 1690 diffi
1220 1633 1263 1690 d.

77 1713 300 1774 Verum
316 1758 335 1790 ,
363 1730 429 1773 ut
456 1715 570 1773 hoc
598 1712 796 1772 addam
812 1755 832 1787 9
860 1711 1162 1790 probabilis
1188 1710 1269 1769 sa-

77 1794 146 1852 tis
175 1794 399 1854 videtur
438 1797 687 1855 Munatii
728 1815 764 1851 o
807 1793 922 1850 inio
939 1835 961 1866 ,
1003 1793 1098 1871 qui
1141 1791 1267 1850 Vult

79 1877 178 1952 (de
207 1877 326 1935 Sen.
356 1877 511 1933 Rom.
542 1897 582 1933 c.
621 1873 694 1943 1.)
806 1870 1268 1946 uaestoi·eS‚Tri-

75 1954 258 2014 bunos
285 1955 346 2013 &
372 1954 569 2014 aediles
598 1953 807 2034 plebis,
852 1950 1119 2033 quamdiu
1148 1972 1266 2011 ma·-

75 2036 371 2116 gistratum
413 2049 670 2115 gererent
699 2077 719 2110 ,
761 2032 978 2093 aditum
1007 2033 1065 2091 in
1095 2033 1264 2092 Sena-

60 2131 204 2191 tum
231 2115 477 2175 habuiffe
491 2144 511 2187 3
546 2115 784 2174 Curules
809 2135 946 2173 vero
975 2112 1264 2193 magistra-

78 2211 168 2256 tus
208 2194 478 2278 sempery
503 2196 622 2255 imo
663 2196 768 2254 hos
807 2195 865 2252 in
890 2193 1134 2275 legendo
1165 2195 1264 2252 Se-

694 2276 743 2335 B
790 2295 824 2356 5
1133 2291 1270 2334 natu

26 2377 44 2397 η
78 2427 105 2461 a
137 2412 230 2463 Vid.
255 2411 445 2473 Zamosc.
475 2411 524 2459 de
554 2418 710 2459 Senatu
743 2416 863 2457 Rom.
889 2423 928 2457 1.
948 2425 980 2456 c.
1006 2407 1050 2455 8.
1115 2405 1144 2454 b
1179 2407 1274 2456 Vir).

137 2483 269 2523 omn.
307 2477 436 2525 Dion.
489 2490 593 2524 1.11.
620 2488 662 2539 p.
685 2487 791 2536 323.
827 2472 926 2524 edit.
964 2489 1046 2536 reg.
1102 2485 1135 2520 c
1165 2471 1274 2525 Gell,

143 2554 245 2592 111.
274 2558 311 2589 c.
349 2538 425 2602 78.
487 2539 517 2590 d
549 2539 615 2590 Id.
642 2539 737 2594 m.
894 2535 907 2541 ⁴
1162 2548 1165 2551 ’
