1747 2936
178 70 630 154 ANTIQm'TAT.
671 78 949 141 Romu:
1067 79 1194 165 43)-

73 171 345 257 nspirandi
358 174 583 234 daretur
611 185 649 235 ².
696 176 1058 238 Curabantur
1083 197 1185 240 au-

141 276 173 314 a
200 254 488 338 Magistris
518 257 779 318 vicorum
809 258 848 316 ὃ.

76 335 405 397 Undecimo
434 334 661 398 fuerunt
680 340 857 400 vetiarn
885 340 1034 400 Ludi
1060 344 1182 400 Au·
1227 347 1232 358 “

107 420 215 477 ales
241 431 298 495 ι’,
342 418 404 479 &
444 419 696 480 Palatini
721 421 745 461 ἃ
773 465 794 497 ,
837 421 933 501 qui
975 420 1034 479 in
1076 420 1183 480 ho-

68 514 196 589 rem
225 498 471 581 Augusti
500 501 560 561 ὃς
593 500 894 563 Caesarum
921 500 1047 562 sunt
1091 523 1186 562 ce-

95 593 218 638 ratl.

67 658 480 740 Duodecimo,
525 663 838 724 centefimo
870 663 932 725 δί
959 662 1187 723 decimo

79 759 228 820 oque
255 764 402 803 anno
433 760 453 785 θ
484 745 795 826 agebantur
821 747 968 805 Ludi
996 747 1189 805 Saecu-

58 840 138 879 res
165 843 270 901 pro
310 825 704 886 incolumitate
745 825 976 905 Imperii
1011 828 1075 902 ἕ,
1118 845 1191 884 ex

65 906 75 918 ‘
138 907 421 964 mentariis
463 906 1126 984 Quindecim-Virorum
1167 949 1189 981 ‚

83 979 199 1042 'bus
265 1005 464 1046 eorum
531 1008 665 1047 cura
742 984 1109 1047 incumbebat
1146 999 1192 1044 g.

127 1065 455 1126 instantibus
509 1089 716 1147 praeco
771 1067 1060 1149 Populum
1118 1064 1189 1127 ad

60 1161 69 1214 j
93 1166 145 1204 os
172 1147 562 1224 convocabat,
591 1170 712 1228 quos
739 1169 1020 1227 numquam
1049 1148 1188 1226 quis-

105 1247 158 1285 m
169 1225 444 1306 spebmffet
457 1273 478 1304 ‚
508 1252 596 1288 nec
620 1229 955 1307 speblaturus
997 1231 1117 1305 efflat
1143 1230 1187 1284 ¹¹.

82 1306 288 1368 *lebrati
343 1325 534 1369 autem
588 1310 818 1370 fuerunt
888 1310 1194 1389 praecipue

105 1387 383 1449 honorem
426 1390 706 1471 Apollinis
747 1390 810 1450 Sc
852 1391 1069 1449 Dianae
1097 1409 1198 1468 per

155 1468 271 1528 dies
311 1473 371 1531 &
413 1471 607 1531 noctes
659 1475 672 1512 ἱ
714 1472 1009 1530 continuas
1053 1469 1196 1528 ludis

82 1571 110 1609 r
149 1552 340 1610 omnia
385 1551 604 1611 theatra
644 1550 935 1610 celebratis
962 1595 983 1628 9
1028 1550 1089 1609 &
1115 1549 1197 1609 sa-

72 1629 236 1689 ificiis
291 1631 360 1690 ad
418 1633 609 1691 omnia
664 1632 876 1711 templa
943 1629 1196 1710 permitis,

71 1711 216 1770 ertio
244 1710 476 1772 demum
502 1712 593 1771 die
620 1714 676 1770 in
720 1712 999 1793 Apollinis
1038 1712 1197 1770 Pala-

56 1791 113 1850 ni
140 1793 360 1874 templo
390 1794 592 1874 viginti
618 1792 830 1874 septem
860 1793 1017 1873 pueri
1034 1791 1201 1851 nobi-

62 1884 69 1891 “
113 1915 134 1950 ‚
178 1873 239 1933 δί
269 1872 513 1934 totidem
541 1876 784 1955 virgines
812 1917 832 1950 ,
876 1894 1074 1933 omnes
1101 1895 1199 1954 pa-

588 1955 690 2016 Ee
728 1976 771 2035 4
1050 1953 1209 2016 trimi

64 2150 163 2198 Cic.
188 2152 233 2197 in
256 2150 340 2213 Pis
362 2168 395 2199 c.
416 2166 462 2210 4.
483 2150 619 2213 ibique
649 2152 806 2209 Ascon.
829 2164 882 2202 (9¹
906 2149 996 2197 alii.
1059 2148 1088 2196 b
1122 2150 1214 2196 Cr'e.

80 2214 126 2262 in
147 2217 232 2276 Pis.
254 2233 289 2263 c.
311 2230 356 2274 4.
421 2231 445 2263 c
479 2219 563 2262 Dio
583 2215 612 2261 l.
635 2217 856 2273 Lv1.inf.
922 2213 951 2261 d
985 2220 1097 2260 Suet.
1125 2220 1216 2259 Ca·

60 2278 126 2341 ³5⁴0
147 2295 180 2327 c.
201 2279 276 2342 56.
341 2294 368 2327 e
404 2287 554 2326 Horat.
580 2287 732 2326 Carm.
748 2280 860 2341 saec.
882 2281 956 2336 vs.
979 2291 1052 2323 21·
1123 2276 1146 2321 f
1175 2282 1220 2322 1-

66 2340 169 2391 bid.
191 2342 258 2402 vs.
278 2358 358 2401 45.
378 2359 432 2394 (φ
453 2344 528 2402 6ς.
548 2357 600 2392 ω’
620 2344 701 2389 od.
732 2357 803 2389 iv,
824 2341 868 2388 6.
933 2355 963 2402 g
999 2340 1062 2386 1d.
1086 2355 1220 2386 carm.

58 2405 185 2470 *Iam
208 2406 275 2469 vs.
299 2408 374 2469 69.
410 2406 499 2452 Vid.
522 2423 634 2454 omn.
659 2405 816 2468 Zofim.
838 2411 889 2453 L.
910 2413 968 2451 11.
988 2416 1028 2463 p.
1056 2420 1118 2449 m.
1146 2416 1219 2460 72.

52 2468 175 2533 ’βιῳ
243 2470 275 2518 h
309 2470 439 2517 ovid.
467 2470 586 2528 Trist.
617 2485 685 2517 11.
709 2472 776 2527 vs
808 2484 883 2528 25.
920 2476 1034 2517 Suet.
1063 2467 1176 2515 Clau
1209 2500 1222 2516 .

85 2547 122 2582 c.
142 2547 221 2589 21.
285 2534 303 2586 i
323 2542 480 2588 Horat.
501 2550 635 2585 carm.
663 2535 769 2596 [aec.
792 2533 857 2596 vs.
877 2544 956 2596 23·-
