1747 2936
535 76 676 141 196-
913 61 1537 130 CoM‘PENDwM.

539 167 644 228 bus
668 163 731 239 ²)
755 160 973 248 judicia
1002 161 1303 229 faciebant.
1360 167 1533 230 Haec
1561 177 1661 231 aut
1696 234 1701 236 ,

538 245 991 308 Centumviralia
1036 247 1254 328 judicia
1308 269 1417 309 nec
1474 243 1714 332 privatis·

533 350 649 391 nec
702 328 948 411 publicis
995 328 1226 410 judiciis
1282 346 1445 392 erant
1502 330 1717 396 fimilia·

534 411 678 473 Vid.
713 411 811 472 Cl.
840 409 1054 472 Graev.
1085 410 1269 473 Praef.
1297 413 1370 473 ad
1397 414 1479 473 T.
1519 435 1540 474 1
1562 435 1582 474 1
1610 416 1719 478 Ant

535 497 621 558 R.
650 492 741 553 sed
756 494 1048 575 propriam
1064 493 1346 577 quandam
1375 494 1475 555 fibi
1503 495 1716 559 forman

536 575 824 638 habebant
853 597 867 635 :
925 596 993 634 ac
1048 592 1334 657 praeterea
1388 576 1714 641 Centumvh

536 660 599 719 in
621 655 1018 722 ⁴tribunalibus
1057 656 1322 718 sedebant
1347 657 1374 698 ¹²
1402 703 1423 736 ‚
1479 679 1616 721 cum
1657 661 1712 724 al'

526 740 753 824 judices
778 737 1040 800 subselliis
1079 740 1356 802 duntaxat
1400 754 1698 803 uterentur

536 844 647 884 nec
676 821 824 882 abiis
853 820 1124 904 appellari
1151 838 1378 905 poterat
1406 835 1427 862 ‘³
1444 866 1465 900 ‚
1508 823 1640 904 quia
1653 844 1708 886 tc

526 905 639 966 tius
682 904 893 986 Populi
919 905 1016 964 hic
1061 904 1336 966 conseffus
1365 904 1706 985 quodammc

529 987 609 1046 do
666 987 968 1048 confilium
1013 1002 1150 1048 erat.
1235 987 1529 1047 Videntur
1570 1009 1704 1050 creat

531 1070 902 1131 Centumviri
931 1070 1085 1131 circa
1111 1071 1186 1130 A.
1216 1070 1299 1131 U.
1335 1088 1472 1150 513.
1515 1071 1701 1152 quand

531 1153 790 1234 primum
819 1153 1057 1235 triginta
1082 1154 1335 1234 quinque
1363 1150 1620 1212 tribuum
1636 1175 1700 1215 nt

531 1255 722 1294 merus
762 1235 1024 1316 expletus
1064 1235 1146 1294 est
1175 1280 1194 1312 ‚
1240 1235 1302 1295 &
1328 1233 1466 1294 facit
1505 1256 1575 1295 eo
1617 1240 1655 1296 l.
1686 1261 1696 1297 :
1745 1300 1747 1307 ,

534 1328 584 1390 ς).
618 1315 804 1394 29.ff.
833 1319 896 1376 de
926 1319 1080 1396 Orig.
1113 1319 1246 1395 Jur.
1330 1317 1416 1375 At
1443 1317 1575 1397 post
1616 1320 1692 1379 At

530 1399 764 1482 gustum
792 1398 935 1458 haec
970 1397 1187 1477 judicia
1213 1397 1391 1480 magis
1417 1398 1690 1480 frequent:

528 1484 579 1542 ri
624 1497 942 1560 coeperunt
967 1478 1026 1559 d,
1086 1481 1147 1540 δε
1188 1496 1426 1538 centum
1465 1500 1532 1538 ac
1576 1479 1688 1541 οὲῑει

501 1567 511 1575 ‘'
529 1566 691 1646 ginta
705 1562 989 1623 ordinario
1019 1561 1234 1643 judices
1262 1559 1569 1641 conscripti
1588 1561 1691 1623 sun

530 1646 667 1706 &in
694 1639 940 1725 quatuoi·
972 1638 1239 1724 Cmftlia,
1271 1641 1389 1702 five
1418 1640 1682 1706 Tribunah

529 1727 693 1788 divisi
727 1738 763 1785 Β.
861 1728 947 1788 Hi
987 1728 1259 1786 Praetore
1299 1723 1679 1788 denunciante

530 1811 1130 1888 Decemvirisstlitibus
1154 1807 1464 1886 judicandis
1502 1805 1521 1845 f
1558 1829 1680 1893 cog·

527 1891 736 1951 bantur
763 1935 783 1966 >
829 1892 925 1972 qui
964 1891 1113 1949 inter
1154 1888 1402 1948 minores
1443 1891 1676 1972 magistr

528 1991 619 2035 tus
646 2018 666 2049 9
716 1972 777 2031 δί
818 1974 876 2031 in
919 1971 1157 2034 consilio
1199 1971 1482 2031 Praetoris
1522 1989 1676 2034 erant

526 2077 592 2117 ac
636 2055 808 2115 etiam
865 2053 1258 2115 Centumviris
1300 2051 1673 2137 quodammoc

1575 2159 1672 2217 pra

526 2269 555 2304 a
590 2252 678 2301 Cic.
701 2252 750 2299 de
783 2261 908 2299 Orat·
941 2261 989 2300 L·
1022 2267 1057 2300 1.
1084 2269 1120 2303 c.
1147 2251 1219 2314 38.
1247 2268 1357 2311 omn·
1426 2249 1456 2298 b
1493 2250 1583 2298 Vid.
1604 2249 1670 2310 ΙΝ,

585 2331 653 2381 pr.
674 2316 789 2378 ff-de
811 2318 935 2380 legat.
962 2333 1007 2365 2.
1070 2332 1095 2366 c
1131 2318 1221 2363 Vid.
1245 2318 1434 2363 Siccama
1456 2316 1506 2363 de
1521 2316 1620 2377 jud.
1637 2331 1669 2361 ce

588 2383 773 2430 κινητήν.
809 2391 859 2429 L.
889 2397 931 2433 Ι.
953 2398 986 2428 c.
1009 2381 1052 2429 6.
1074 2389 1187 2428 Suet.
1219 2383 1385 2428 Domit.
1406 2395 1438 2425 c.
1469 2395 1507 2427 1.
1572 2379 1602 2427 d
1636 2385 1668 2426 V

582 2445 706 2494 Dial.
737 2447 783 2492 de
804 2448 855 2494 cl.
894 2455 1021 2494 Orat.
1043 2463 1076 2495 c.
1101 2445 1179 2510 38.
1246 2460 1272 2494 e
1315 2445 1431 2491 Ptin.
1460 2443 1584 2506 Epist.
1610 2457 1650 2490 1.

594 2509 666 2556 18.
694 2526 832 2558 1V.n.
860 2526 1028 2570 24v1.
1057 2527 1103 2560 n.
1139 2525 1215 2575 33.
1255 2508 1470 2571 Qinail.
1492 2516 1545 2558 L.
1565 2520 1665 2576 2113·

587 2587 631 2624 1.
698 2575 723 2622 f
750 2583 916 2626 Lucan.
949 2577 1011 2625 ad
1039 2574 1176 2639 Pison.
1205 2576 1274 2635 νβ
1296 2588 1372 2636 41.
