1747 2936
22 0 134 21 .,.7„7„.

176 87 534 161 ANTIQHT.
561 83 835 146 ROMAN.
1006 104 1118 165 521

27 204 59 250 e
78 198 232 247 emnt
254 181 562 260 convivae,
603 183 774 243 rarius
800 197 1042 264 quatuor
1069 193 1119 255 ²3

22 276 62 336 ¹⁴.
76 263 121 338 fi
147 264 332 346 plures
373 263 581 339 essent,
620 262 904 324 sordidum
943 261 1118 326 habe-

75 366 104 406 r
129 344 170 404 ὓ.
252 343 690 407 Accumbebant
715 359 929 404 veteres
954 342 1116 423 supe-

28 447 87 519 ge
111 426 362 505 corporis
391 440 549 504 parte
573 425 632 483 in
659 423 920 483 cubitum
949 423 1115 483 recli-

89 518 136 584 0,
163 503 426 564 inferiore
452 503 707 586 porresta
722 532 743 576 3
774 505 885 579 ita,
912 518 979 563 ut
1003 505 1119 583 pri-

101 587 341 646 conviva
421 585 548 646 edes
586 605 738 665 pone
775 582 1001 645 dorsum
1037 583 1121 644 se·

51 665 106 726 di
183 608 514 726 extenderet
540 711 561 743 ,
644 666 737 724 ille
803 680 977 746 caput
1041 665 1112 724 ad

41 747 273 808 bilicum
330 748 497 826 primi
539 745 831 807 reclinaret
880 744 1117 825 pulvillo

26 828 271 908 erje&o;
304 828 365 887 &
393 827 469 886 fic
495 827 585 886 alii
626 847 826 908 porro:
873 824 1121 906 digniffi-

41 929 65 969 s
89 925 279 969 autem
308 907 618 973 habebatur
643 907 801 967 locus
828 907 1042 966 medius
1068 906 1118 984 ἃ,

27 990 155 1070 post
182 990 336 1049 hunc
374 987 639 1048 summus,
722 987 835 1049 Sed
859 987 954 1047 hic
981 987 1120 1046 ritus

33 1090 103 1129 ne
145 1069 431 1150 fingularis
459 1068 644 1129 obiter
669 1067 752 1127 est
792 1066 1068 1127 notandus
1093 1110 1116 1143 ,

37 1148 246 1209 nsulem
291 1149 537 1226 scilicet,
579 1148 621 1208 fi
650 1149 915 1209 convivio
954 1148 1124 1208 alicui

43 1229 174 1306 sstt,
219 1229 279 1289 in
306 1229 496 1288 medio
536 1229 765 1308 quidem
806 1227 989 1305 ῙΕᾶο,
1030 1227 1123 1287 sed

37 1332 74 1371 o
97 1309 301 1371 infimo
328 1308 675 1385 accubuisse,
717 1322 783 1367 ut
807 1309 885 1367 ita
909 1306 1124 1367 facilius

65 1391 111 1468 ',
139 1391 202 1452 &
230 1390 492 1471 negotia,
521 1388 563 1448 fi
590 1409 731 1471 quae
756 1387 1121 1469 fortesuper-

56 1472 68 1482 ’
99 1486 229 1547 ent,
270 1470 535 1549 expedire
572 1468 754 1548 poffet
787 1481 824 1527 θ.
905 1467 1127 1529 Convi-

32 1591 38 1595 -
85 1551 277 1623 vocati
315 1549 613 1630 aliquando
656 1547 922 1629 quosdam
962 1550 1124 1610 invo-

41 1653 101 1691 os
126 1630 313 1690 secum
343 1628 728 1705 adducebant,
770 1631 867 1710 qui
897 1631 1127 1689 Umbrae

43 1727 216 1771 untur
243 1755 264 1787 ,
332 1710 463 1790 quia
501 1708 646 1768 ficut
683 1713 869 1768 umbra
908 1728 1084 1786 corpus
1107 1754 1130 1787 ‚

50 1797 143 1871 ipfi
169 1805 377 1850 vocatos
403 1793 653 1850 convivas
689 1788 1056 1868 sequebantur
1092 1791 1126 1850 f.

102 1871 385 1932 hetorum
424 1884 612 1930 autem
653 1870 821 1949 pedes
872 1865 1133 1932 sedebant

87 1952 173 2012 fiti
200 1966 260 2029 g,
316 1951 408 2013 vel
436 1952 606 2011 etiam
632 1949 817 2010 infimi
846 1950 1136 2012 ordinis'a-
1184 1983 1215 2006 w

968 2033 1139 2110 mici,

75 2182 159 2217 rat.
190 2176 322 2218 Serm.
349 2182 394 2217 1.
415 2183 481 2217 lv.
505 2165 572 2225 vl.
597 2165 674 2215 86.
747 2181 776 2226 4
811 2166 895 2216 Cic.
914 2167 974 2216 in.
996 2167 1079 2225 Pifi
1100 2183 1136 2216 c.

47 2245 90 2291 7.
152 2247 180 2282 c
203 2242 366 2280 Horat.
388 2240 521 2278 Serm.
549 2242 620 2278 11.
644 2245 717 2279 lv.
737 2232 807 2287 νβ
831 2245 904 2291 39·
981 2229 1012 2279 d
1046 2232 1138 2280 Vid.

52 2313 130 2358 trg.
162 2303 276 2344 Aen.
317 2311 335 2343 1
371 2296 436 2356 νβ
462 2295 571 2353 697.
657 2308 685 2341 e
726 2293 845 2341 Plut.
866 2296 1046 2357 Sympofi
1067 2309 1142 2343 11.

236 2361 259 2406 f
286 2367 436 2406 Horat.
472 2365 604 2405 serm.
631 2371 698 2406 11·
722 2371 860 2405 v111.
895 2360 961 2421 νβ
980 2372 1056 2406 22.
1086 2371 1140 2409 σ·

0 2481 5 2494 ,
53 2375 146 2489 Ρῧῖ·
172 2439 212 2474 1.
243 2438 288 2472 V·
308 2424 374 2482 vs·
398 2420 474 2474 28.
567 2433 601 2486 g
637 2421 783 2487 Plane,
804 2419 933 2473 Stich.
953 2426 1018 2471 A.
1042 2433 1145 2475 ιιι,
