1747 2936
402 117 484 192 iz,
719 108 1308 172 CoMPENDr-UM

401 233 480 273 ex
521 208 771 275 Romuli
815 201 1171 269 institutione
1211 208 1505 270 distinetae
1558 212 1622 282 e4

407 307 536 363 rant
557 293 727 372 juxta
753 310 962 372 genera
1002 291 1308 351 hominum
1311 341 1340 374 l
1348 291 1620 352 distinxe-

405 376 482 434 rit
503 376 672 456 juxta
715 373 846 433 loca
886 371 1285 451 habitationis,
1330 373 1445 434 five
1475 389 1623 455 quot
1697 438 1701 442 ,

403 464 461 533 {29
489 460 586 527 ταῖν
621 463 828 533 γενικῶν
859 454 1066 517 fecerit
1089 455 1322 517 τοπικοίς.
1355 454 1496 522 Vid.
1528 457 1620 517 Si-

397 561 517 620 gon.
561 541 625 599 de
668 553 782 609 ant.
813 538 944 617 jure
972 541 1077 597 civ.
1107 540 1267 620 Rom.
1299 539 1379 619 L.
1409 558 1459 598 1.
1489 559 1532 597 c.
1569 556 1623 620 3.

411 623 668 683 Urbanam
711 619 902 681 tribus
946 618 1183 683 fuerunt
1227 632 1249 660 ²
1293 620 1578 680 Suburana
1602 664 1626 697 ,

408 702 729 780 Esquilina,
775 703 984 760 Collina
1025 701 1109 760 &·
1130 703 1399 762 Palatina
1427 721 1460 760 a
1485 701 1628 762 locis

409 784 490 842 ita
517 781 917 843 denominatae
944 782 968 821 b
985 827 1005 859 ,
1048 783 1110 843 in
1138 804 1273 865 quas
1300 782 1466 842 initio
1497 805 1625 842 om-

411 884 510 925 nes
539 863 847 925 nobiliores
889 863 1150 925 homines
1192 862 1442 942 ςοῃῇεᾶἰ
1480 862 1627 925 sunt.

414 942 530 1006 Sed
556 946 655 1024 hi,
697 947 1001 1029 postquam
1047 949 1247 1007 Fabius
1291 939 1510 1006 Censor
1551 948 1629 1008 A.

409 1026 498 1089 U.
527 1048 668 1108 450.
713 1049 948 1089 omnem
975 1027 1205 1088 turbam
1248 1027 1528 1088 forensem
1569 1029 1632 1090 in

413 1129 504 1169 eas
533 1109 864 1192 conjecisset
896 1124 953 1187 0,
998 1110 1059 1169 &
1102 1111 1299 1194 postea
1339 1111 1404 1171 iis
1444 1109 1630 1171 acces-

416 1189 607 1251 fiffent
633 1193 805 1252 etiam
845 1191 1129 1270 libertini,
1171 1193 1233 1253 in
1273 1193 1503 1253 rusticas
1529 1193 1632 1252 tri-

417 1271 524 1333 bus
551 1273 680 1334 sunt
711 1274 871 1334 relati
900 1273 961 1349 ‘¹3
1006 1273 1251 1357 ideoque
1291 1272 1633 1358 probrosum

415 1356 528 1416 fuit
570 1379 601 1416 a
645 1355 987 1424 Censoribus
1015 1375 1101 1418 ‘ex
1122 1355 1351 1418 'rustica
1375 1355 1534 1417 tribu
1574 1356 1637 1416 in

418 1437 698 1499 urbanam
729 1440 1011 1501 transferri
1033 1439 1261 1521 :postea
1286 1460 1425 1502 vero
1457 1439 1531 1498 A.
1549 1437 1634 1498 V.

420 1519 561 1605 584.
620 1520 705 1580 Ti
761 1521 1064 1581 Gracchus
1109 1519 1329 1581 Censor
1385 1540 1583 1580 omnes
1613 1563 1636 1597 ,

418 1604 518 1686 qui
562 1602 893 1664 servitutem
935 1602 1279 1678 serviiss'ent3
1325 1603 1389 1663 &
1432 1601 1638 1684 quibus

416 1685 810 1768 quinquennio
853 1686 1040 1763 major
1085 1683 1235 1745 filius
1262 1730 1284 1763 9
1339 1683 1638 1768 praediave
1687 1738 1691 1741 .

420 1767 631 1826 rustica
659 1765 835 1848 pluris
878 1759 1173 1826 XXXM.
1221 1768 1353 1828 HS.
1396 1787 1516 1827 non
1556 1764 1636 1826 es*-

416 1846 540 1919 sent
553 1893 573 1924 ,
590 1849 650 1906 in
676 1868 850 1907 unam
877 1845 1098 1907 tribum
1127 1846 1477 1930 Esquilinam
1494 1869 1637 1910 con-

445 1930 578 1990 ecit.
609 1929 742 1988 Liv.
772 1929 848 1988 L.
880 1950 1028 1990 XLV.
1059 1950 1109 1989 c.
1152 1949 1244 2010 15.
1278 1945 1316 1990 θ.
1360 1929 1640 1992 Rusti‘cae

413 1952 644 2071 JI'ribus
671 2010 766 2070 vel
793 2032 825 2069 a
852 2014 1006 2088 locis,
1050 2009 1144 2071 vel
1173 2034 1204 2072 a
1240 2014 1481 2094 gentibus
1509 2011 1639 2072 sunt

420 2092 818 2153 denominatae
848 2121 870 2166 3
928 2115 960 2152 a
1003 2096 1124 2154 locis
1153 2136 1174 2170 ‚
1231 2109 1300 2154 ut
1346 2096 1587 2156 Romilia
1621 2093 1643 2136 f

429 2176 806 2256 Crustumina,
851 2174 967 2236 &o
1010 2197 1043 2235 a
1077 2188 1265 2257 gente,
1307 2190 1375 2236 ut
1418 2178 1594 2236 Fabia
1618 2188 1647 2254 ‚*

433 2352 462 2387 a
492 2337 588 2386 Vid.
614 2356 729 2387 omn.
759 2339 893 2401 Sigon.
927 2352 1024 2388 ant.
1052 2341 1142 2402 jur.
1174 2339 1259 2391 civ.
1280 2347 1399 2388 Rom.
1419 2339 1450 2388 l.
1479 2259 1646 2402 1.{.Jo3.

501 2400 531 2450 b
566 2410 614 2451 V.
637 2412 723 2456 On.
759 2405 952 2453 Panvin.
983 2404 1032 2452 de
1063 2404 1182 2452 civit.
1215 2412 1336 2453 Rom.
1367 2421 1402 2452 c.
1434 2402 1511 2465 48.
1545 2402 1650 2453 edit.

507 2471 671 2516 Graev.
723 2482 749 2516 c
781 2469 882 2517 Liv.
908 2485 980 2520 xx.
999 2469 1074 2528 46.
1139 2468 1166 2516 d
1185 2469 1279 2519 Via,
1300 2470 1456 2531 Ascon.
1475 2467 1537 2515 ad
1553 2466 1645 2515 Cic.

504 2541 577 2594 pro
601 2532 703 2580 Mil.
725 2549 760 2582 c.
794 2548 870 2596 37.
901 2534 1014 2597 Epit.
1048 2534 1145 2582 Liv.
1171 2550 1246 2583 xx.
1306 2550 1332 2584 e
1364 2533 1479 2582 Plin.
1499 2540 1561 2582 H.
1582 2538 1646 2582 N.

514 2608 689 2649 xvxxi.
712 2613 748 2649 c.
775 2612 820 2661 3.
889 2599 916 2651 f
942 2605 1069 2652 Varr.
1090 2599 1140 2650 de
1158 2605 1208 2666 L.
1235 2606 1287 2661 L,
1315 2613 1388 2652 1v.
1411 2613 1445 2648 c.
1467 2609 1521 2660 92
1658 2604 1662 2612 ’

228 2694 533 2800 ,Γ
