1747 2936
174 58 537 134 AN‘ern'r.
564 54 840 118 Roman.
1004 72 1125 140 443

29 217 35 224 ,
81 160 151 216 'us
176 153 418 233 dicitur,
475 170 580 232 ut,
609 153 856 235 exempli
897 155 1076 235 gratia
1103 199 1126 231 ,

50 239 203 299 licum
230 264 250 309 3
309 235 370 295 &
413 235 638 317 quando
681 233 954 294 Tumultus
994 234 1130 294 esset

112 314 434 377 usconsulto
474 315 845 378 definiebatur
887 326 924 373 ³.
1007 315 1130 375 Sub

32 402 36 408 '
79 396 296 478 cipibus
336 418 474 457 vero
517 399 655 456 haec
696 394 942 456 delestus
982 397 1128 456 ratio

58 479 195 538 cidit
220 520 241 555 ‚
285 477 346 538 &
374 479 683 560 plurimum
710 477 925 537 libidini
949 498 1014 538 ac
1041 498 1129 536 ra-

55 560 177 620 itati
249 558 495 619 deleehls
549 558 878 619 habentium
932 558 1130 619 datum

55 638 283 720 ‘’‚quod
309 641 478 700 etiam
507 640 598 700 vel
623 642 770 700 inter
810 640 1135 720 praecipuas

96 740 150 778 as
192 720 512 781 habendum
541 721 622 780 est
664 723 854 780 ruinae
900 722 1134 802 Imperii

53 802 217 862 mani.
303 802 578 883 Equitum
608 822 742 861 vero
770 799 1014 862 delecstus
1053 802 1135 862 fa-

47 903 110 943 or
148 897 267 942 erat
308 926 328 958 ‚
385 884 517 963 quia
557 881 637 941 illi
672 884 792 963 jam
831 883 891 941 in
933 882 1134 943 tabulis

95 984 266 1022 orum
293 981 450 1023 erant
478 962 802 1044 perscripti3
834 983 906 1022 ex
934 963 1138 1044 quibus

85 1063 154 1110 ue
181 1043 392 1124 legioni
421 1059 705 1104 trecentos
732 1042 849 1103 fere
865 1044 1138 1105 attribue-

46 1118 87 1190 ἐ
117 1138 156 1183 ⁶.
239 1125 402 1183 Nam
429 1124 625 1185 falsum
657 1122 736 1183 est
763 1167 784 1200 ,
829 1124 984 1204 quod
1011 1127 1138 1208 qui-

108 1204 338 1265 voluere
365 1250 384 1282 ‚
428 1205 596 1265 etiam
624 1220 753 1263 ante
795 1205 1051 1266 Marium
1079 1229 1139 1266 a·

52 1285 239 1352 ;,fuifl'e
267 1286 532 1366 equestris
559 1285 801 1363 ordinis,
845 1288 1013 1364 alioe,
1043 1290 1142 1369 qui

67 1389 103 1428 ο
131 1369 441 1428 meruerint
469 1366 512 1427 ⁸¹.
554 1365 791 1426 Perafflm
820 1366 1042 1428 deleelu
1070 1390 1144 1429 ex

119 1448 182 1508 lis
209 1448 523 1530 legionibus
538 1448 696 1507 miles
723 1468 866 1506 unus
896 1449 1142 1530 eligeba-

76 1573 96 1606 ‚
139 1530 235 1608 qui
260 1529 484 1609 reliquis
510 1530 680 1588 verba
689 1529 1015 1606 sacramenti
1039 1536 1149 1590 mi-

57 1614 131 1669 ris
158 1610 432 1688 praeiret,
452 1609 544 1685 (de
572 1611 730 1686 cujus
759 1609 1032 1690 religione
1058 1612 1144 1672 vi-

59 1691 75 1747 i
102 1690 289 1770 potest
305 1688 612 1768 Dionyfius
628 1689 905 1750 Halic.x1
923 1736 934 1749 .
951 1711 1002 1749 e.
1017 1695 1141 1773 43.)

1 1769 4 1779 '
59 1775 187 1850 ujus
202 1769 372 1828 verba
386 1770 586 1828 deinde
599 1769 796 1850 reliqui
812 1770 1067 1847 jurabant
1094 1787 1139 1833 ⁶:

116 1866 210 1910 ant
240 1851 529 1929 auten]‚fi
544 1868 644 1927 pro
672 1844 878 1910 viribus
907 1853 1142 1929 Impera·

88 1933 568 2008 obtemperaturos,
624 1932 801 1989 ducem
839 1931 1099 2003 fficuturos
1123 1979 1146 2012 ‚
1220 1963 1224 1968 ⁷

123 2033 220 2071 non
246 2012 531 2090 deserturos
567 2010 588 2048 f
611 2055 630 2086 ,
675 2011 789 2070 δίε.
875 2012 955 2072 Et
996 2035 1144 2074 anno

0 2106 1 2113 ’
91 2091 150 2153 lii
179 2091 484 2153 Cannensis
513 2093 760 2173 primum
781 2093 1148 2173 jurejurando

925 2174 1148 2236 adastos

67 2317 117 2374 ἓν.
140 2331 307 2367 xxxxv.
332 2335 366 2367 c.
389 2317 466 2369 26.
487 2330 540 2368 θ’
559 2317 615 2364 ibi
634 2334 750 2366 omn.
778 2317 912 2379 sigon.
987 2320 1017 2367 b
1051 2323 1145 2371 vid.

77 2395 154 2442 get.
177 2397 216 2449 ῃ.
240 2399 272 2430 c.
297 2397 340 2442 7.
436 2397 462 2430 c
494 2382 593 2429 Liv.
614 2397 754 2430 vrri.
784 2398 818 2428 c.
845 2382 888 2430 8.
987 2384 1016 2433 d
1053 2386 1145 2436 Vid.

0 2456 11 2503 Γ
83 2444 155 2493 leb.
175 2451 335 2494 Graev.
353 2449 487 2508 praefi
509 2446 569 2493 ad
593 2451 643 2492 T.
671 2460 708 2493 1.
729 2451 843 2493 Ant.
866 2453 918 2493 R.
982 2462 1009 2497 e
1041 2450 1146 2512 fest.

0 2504 10 2554 ἦ
71 2540 78 2556 .
103 2510 454 2577 Praquraetiones.
515 2510 541 2561 f
565 2508 714 2573 Polyb,
733 2524 809 2562 vx.
828 2526 865 2560 c.
890 2524 963 2573 19.
