1747 2936
207 76 651 154 ANTIQHTAT.
695 75 967 138 ROMAN.
1084 85 1220 166 ¹ror'

13 139 20 169 l

0 174 25 237 ’τὲ
46 170 138 236 r‘es
166 198 336 237 annos
363 179 569 236 iterum
598 173 867 236 Consules
895 176 964 235 ad
1003 197 1211 241 annum

0 273 27 334 ιτ]
50 256 207 317 ‘eris
244 255 411 336 usque
458 275 585 337 309.
630 278 700 316 ex
743 277 858 338 quo
912 258 1210 338 aliquando

9 357 27 411 ‚¹
51 336 330 414 Donsules9
360 336 658 417 aliquando
687 336 935 397 Tribuni
963 338 1213 412 militum

0 433 21 472 τι
53 416 292 478 :onsulari
319 420 596 497 potestate
625 464 646 497 9
687 433 859 500 prout
887 418 978 479 vel
1008 419 1163 500 plebs
1190 465 1211 498 9

1 495 22 553 ia
47 495 113 574 «31
149 499 339 560 Patres
394 498 855 569 contentionibus
911 500 1163 560 vicerant
1189 546 1210 579 9

0 579 190 638 aureati
216 577 341 638 sunt
373 604 384 639 ε
430 580 613 641 donec
644 582 716 641 A.
745 580 828 640 U.
880 579 1009 660 387.
1052 580 1210 661 plebs

0 655 10 714 l
156 660 302 737 icit9
346 679 410 721 ut
450 662 589 722 alter
629 663 827 743 utique
872 659 1086 721 Consul
1138 661 1210 722 de

48 736 189 800 ”lebe
218 760 499 802 crearetur
512 772 533 816 5
581 762 824 824 quorum
854 743 1068 820 primus
1096 741 1207 802 fuit

14 851 26 863 -
57 859 85 877 ι.
131 824 344 897 Sextius
386 827 632 884 Sextinus
675 826 978 881 Lateranus
1014 833 1037 859 ²
1066 844 1096 880 :,
1142 823 1205 883 &

0 920 30 963 a·
58 902 206 963 ostea
233 904 513 979 obtinuit,
544 917 609 961 ut
637 901 752 962 duo
781 899 1009 982 quidem
1039 902 1200 964 Con-

13 1014 26 1026 ·
58 981 149 1042 iles
189 983 400 1065 Plebeji
443 983 609 1043 fimul
637 981 759 1043 fieri
787 981 1005 1063 poffent
1032 1012 1053 1055 5
1099 1006 1199 1063 pa-

17 1094 30 1108 ·
59 1063 160 1122 ·icii
187 1086 321 1124 vero
350 1082 471 1124 non·
494 1066 650 1124 item.
759 1065 784 1106 b
816 1062 956 1122 Inde
984 1062 1200 1125 summa
1231 1097 1244 1110 ·

0 1162 30 1204 fa·
60 1145 251 1205 orestas
279 1167 446 1226 penes
474 1146 744 1207 Consules
773 1142 975 1204 manfit
1002 1145 1070 1203 ad
1091 1147 1199 1222 Ju-

0 1222 31 1282 ἐἰ
59 1244 146 1285 Jm
175 1226 467 1287 Caesarem
495 1226 665 1309 usque
680 1273 699 1306 9
717 1228 812 1310 qui
840 1226 1048 1307 patriae
1074 1226 1198 1286 suae

0 1303 32 1366 &i
52 1327 124 1365 2=m
152 1307 362 1368 nefario
390 1308 591 1370 scelere
617 1309 854 1370 inferens
881 1305 1199 1367 libertatem

0 1406 17 1442 22
78 1388 403 1469 Republica
440 1390 656 1451 sustulit
683 1436 702 1468 9
774 1391 836 1450 δί
879 1387 1197 1450 Consulum

0 1463 35 1522 [u-
60 1466 396 1531 &toritatem
424 1472 804 1534 labefizfflvit:
848 1470 947 1530 sub
975 1471 1203 1530 Princi=

0 1544 34 1604 de
65 1547 167 1610 bus
221 1555 374 1612 enim
426 1574 498 1613 ex
537 1576 697 1616 more
738 1553 966 1634 quidem
1020 1553 1192 1611 creati

68 1650 132 1688 nt
158 1674 178 1706 9
222 1632 291 1690 ad
318 1634 528 1692 nullam
555 1635 670 1693 fere
708 1636 1046 1713 potestatem
1089 1632 1188 1690 ha-

4 1729 37 1771 ex
63 1727 264 1770 lerunt.
309 1713 471 1772 Tum
501 1734 727 1794 quoque
755 1714 943 1771 nonin
956 1733 1187 1789 annum,

3 1792 37 1849 A.
62 1813 68 1847 ;
94 1808 254 1852 antea
279 1836 299 1869 9
341 1792 433 1851 sed
459 1795 518 1851 in
543 1793 636 1853 sex
664 1837 683 1868 9
727 1795 785 1851 in
811 1809 920 1852 tres
948 1837 967 1868 9
1011 1792 1100 1851 vel
1127 1793 1188 1853 in

0 1892 142 1931 =o=103
183 1871 391 1932 menses
421 1886 443 1911 0
472 1900 491 1945 5
540 1874 732 1954 (quod
771 1890 992 1953 tempre
1036 1872 1184 1930 Dio-

0 1949 39 2013 iel.
62 1974 85 2011 s
113 1953 279 2014 Caffii
306 1954 627 2034 legitimum
655 1954 798 2028 fuit)
841 1958 864 1995 d
891 1953 983 2014 vel
1010 1954 1182 2013 etiam
1220 1994 1224 2001 ‹

0 2051 41 2093 :ree
98 2054 304 2113 paucos
346 2036 459 2094 dies
499 2079 519 2112 9
575 2036 692 2094 imo
733 2036 896 2094 horas
937 2078 957 2110 9
1014 2035 1187 2093 creati

63 2127 156 2190 nt,
206 2131 226 2158 Ε
249 2131 315 2177 ut
340 2119 417 2176 ita
443 2119 704 2196 princeps
732 2115 984 2197 pluribus
1010 2116 1185 2254 ggati-

485 2198 548 2257 G
592 2217 627 2278 5¹
1081 2196 1193 2256 cari

0 2178 42 2215 m.

1 2269 4 2277 ,
14 2229 44 2277 ed,

0 2305 84 2405 :Ziza
115 2344 214 2392 [ἰν.
245 2359 322 2394 vt.
356 2362 390 2392 c.
422 2360 496 2404 42.
589 2343 619 2391 b
656 2343 743 2390 vid.
780 2341 972 2389 Lambin.
1006 2340 1064 2386 ad
1090 2341 1180 2390 Cic.

2 2435 34 2470 10
62 2418 127 2455 vro
147 2415 299 2455 Domo.
319 2425 353 2455 c.
385 2423 455 2468 14.
554 2422 578 2455 C
612 2416 771 2454 Lucan.
805 2408 831 2452 l.
855 2409 987 2466 supra
1010 2405 1050 2451 d.
1149 2405 1179 2453 d

6 2522 14 2540 0
95 2471 140 2533 fi
170 2487 335 2523 XLIII.
365 2483 407 2534 p.
445 2487 543 2534 155.
576 2473 637 2518 ed.
668 2474 748 2531 reg.
786 2469 915 2529 1548.
1013 2482 1038 2514 e
1082 2468 1176 2519 Vid.

61 2537 244 2589 Macrob.
270 2543 443 2588 Saturn.
469 2550 540 2588 11.
563 2553 598 2587 c.
624 2550 667 2601 3.
688 2542 801 2586 Suet«
822 2533 924 2594 Jul.
942 2548 976 2583 c.
999 2532 1077 2591 76·
