1747 2936
217 83 576 158 'AN-rmum.
617 81 895 150 ROMAN.
1044 80 1165 167 3²79

42 231 58 244 .
157 179 394 240 infantes
433 199 625 241 recens
642 252 648 258 J
664 195 824 241 natos
850 226 871 259 ‚
926 178 1030 243 nifi
1068 180 1168 243 sub

41 311 54 323 .
110 263 150 323 ‘s
188 261 407 343 legibus
446 259 668 322 licuerit
698 291 719 336 3
763 262 855 321 sed
894 260 1167 343 sequenti·

111 344 342 403 demum
385 343 738 424 temporibus
763 341 911 402 aliud
954 345 1036 421 jus
1078 346 1165 405 in*

42 424 313 486 odustum
356 423 423 483 fit
456 437 496 483 ².
580 423 777 484 Hodie
820 421 862 482 fi
901 424 1067 502 Pater
1096 424 1166 483 fi-

150 525 399 587 cxponat
439 520 602 565 extra
641 504 897 564 ordinem
941 502 1022 564 est
1062 525 1171 585 pu-

75 586 215 646 ndus
245 587 299 645 b:
346 607 632 667 exponere
659 586 807 645 enim
838 583 988 645 idem
1015 585 1173 646 vide-

52 689 80 729 r
118 667 274 748 quod
316 689 514 727 necare
550 680 589 725 ⁶.
671 669 965 727 Praeterea
1005 683 1174 747 pote--

95 764 253 826 pater
281 748 465 808 filiurn
493 747 766 829 abjicere,
806 748 876 807 ad
905 749 1178 826 parietem

52 828 230 905 'dere,
274 830 520 911 relegare
561 829 630 887 ad
672 843 815 909 opus
849 829 1122 888 rusticum
1148 856 1175 901 3

97 931 129 969 e
156 913 328 970 etiam
358 910 552 991 postea
579 909 706 968 sunt
732 908 1018 991 abrogata.
1060 911 1176 969 Po-

72 1007 130 1050 at
171 1012 400 1072 quoque
440 1007 600 1071 pater
642 990 826 1049 filium
868 1011 1049 1050 noxae
1075 989 1174 1050 de-

45 1092 114 1132 .re
141 1117 162 1150 ,
216 1074 425 1153 pariter
475 1087 543 1130 ut
596 1070 858 1131 dominus
911 1072 1128 1133 servum
1152 1115 1178 1149 ‚

66 1152 143 1213 od
195 1152 491 1234 abrogavit
545 1151 865 1232 Imperator
912 1153 1179 1230 Just‘inia-

65 1255 91 1295 s
118 1233 162 1294 d.
233 1232 620 1314 Competebat
647 1254 782 1292 vero
809 1235 1036 1314 hocjus
1062 1253 1180 1294 non

49 1331 214 1375 ntum
241 1315 299 1374 in
338 1314 542 1374 liberos
591 1313 761 1391 primi
803 1312 1038 1392 gradus,
1077 1334 1178 1373 ve-

147 1396 317 1456 etiam
345 1394 404 1454 in
430 1411 665 1474 nepotes
694 1393 755 1451 ὅζ
795 1411 1177 1474 pronepote33

73 1478 84 1488 ’
126 1478 276 1537 enim
307 1476 365 1535 in
390 1474 614 1534 alterius
654 1475 932 1552 potestate
972 1476 1051 1534 est
1080 1477 1181 1535 ali-

135 1560 193 1617 in
234 1556 324 1615 sua
365 1554 643 1635 potestate
683 1552 886 1612 habere
927 1575 1044 1615 non
1076 1579 1184 1637 po-

44 1639 101 1699 :st
139 1654 190 1697 e:
236 1637 333 1716 qui
373 1650 563 1694 autem
602 1654 675 1692 ex
717 1633 833 1693 filia
887 1635 1185 1696 nascuntur

44 1741 55 1778 ι
81 1717 358 1799 potestate
387 1716 574 1774 nostra
600 1735 716 1773 non
743 1713 888 1792 sunt,
905 1718 1035 1797 quia
1059 1716 1186 1782 sunt

43 1820 57 1859 ι
81 1797 361 1879 potestate
388 1797 558 1877 patris
582 1795 678 1854 sui.

76 1879 266 1940 Poffet
294 1896 482 1937 autem
517 1878 763 1957 cuipiam
794 1879 1002 1938 mirum
1030 1880 1186 1941 vide-

50 2057 200 2102 atem
235 2040 449 2120 parenti

61 2143 144 2183 res
196 2120 354 2183 fuiffe
407 2120 722 2180 concessam
747 2164 768 2197 ,
838 2141 944 2182 nec
999 2140 1191 2183 tamen

1066 2225 1193 2265 cre·

66 2349 160 2398 vid.
190 2343 326 2399 Celeb.
354 2348 492 2398 Noodt
524 2349 676 2409 Julius
696 2351 859 2397 Paulus
881 2366 913 2396 c.
939 2365 983 2397 2.
1067 2349 1097 2398 b
1138 2357 1188 2397 L.

67 2429 116 2462 2.
133 2415 239 2465 Cod.
259 2415 307 2461 de
327 2414 407 2471 infi
428 2425 519 2474 exp.
604 2429 629 2462 c
661 2422 712 2461 L.
734 2429 779 2471 4.
797 2414 851 2476 ffi
872 2413 918 2461 de
948 2431 1043 2477 agn,
1062 2428 1114 2465 1⁷9·
1130 2412 1195 2460 al.

61 2540 119 2607 ff]
138 2542 197 2590 ad
230 2548 282 2594 L.
301 2540 405 2604 Juh
422 2542 471 2592 de
493 2541 628 2591 adult.

44 1975 283 2020 tantam
327 1959 387 2018 &
430 1960 798 2098 tgrannicam‘
820 1960 984 2039 plane
1024 1978 1188 2042 pote-
1224 1975 1228 1981 '

492 2060 553 2098 us
580 2041 640 2098 in
664 2039 868 2098 liberos
893 2042 1043 2121 apud
1087 2064 1206 2102 ve-v

72 2476 147 2527 lib.
231 2477 260 2526 d
296 2480 339 2532 §.
358 2477 437 2526 ult.
461 2476 556 2536 Inst.
577 2477 628 2525 de
651 2479 798 2528 κακαὶ.
816 2479 903 2527 affz‘.
984 2493 1015 2528 e
1045 2484 1092 2527 L·
1118 2490 1199 2528 21·-
