1747 2936
0 0 121 38 W

198 94 556 169 AN’rlQJIT.
596 95 870 157 ROMAN.
1035 115 1151 176 509

0 183 108 264 ιὰὶ
130 191 201 254 ad
226 211 440 251 annum
467 193 659 253 aetatis
697 191 814 252 fere
854 191 1145 254 decimum

0 275 248 360 ptimum
271 283 296 310 ⁸
333 296 347 333 :
405 272 555 332 unde
583 286 930 351 praetextata
969 277 1136 334 verba

0 359 213 419 {cuntur
239 354 509 432 obscoena,
552 375 694 434 quae
721 373 914 413 coram
943 369 1135 415 tenera

71 449 249 497 aetate
291 434 541 515 proferre
581 434 726 494 nefas
759 434 783 473 ¹³
798 463 821 507 3
879 434 942 495 δε
969 453 1132 512 prae-

88 522 134 577 ti
173 528 335 575 'mores
372 514 530 574 idem
565 513 884 596 fignificant
911 558 932 592 ‚
975 515 1132 596 quod

79 599 183 658 dici
209 607 250 654 ⁶.
334 596 496 655 Nam
537 615 801 676 magnam
856 616 1128 658 verecun-

28 695 63 738 e
101 697 295 738 curam
333 676 608 766 gerebant
646 677 828 738 Rom.
867 677 945 737 ita
973 693 1038 736 ut
1064 698 1127 736 e-

21 757 109 819 ebi
137 761 307 819 etiam
331 762 549 837 1emper
587 776 818 816 manum
846 757 998 816 veste
1024 778 1126 818 co-

70 857 196 900 rent
227 839 270 897 d.
352 838 515 897 Tum
544 836 604 896 hi
645 836 1020 897 adolescentes
1046 851 1129 898 to-

63 923 295 980 'virilem
339 916 602 996 (Graece
625 930 646 957 ‘³
683 925 865 978 τέλειον
889 921 1124 993 ἱμάτιον)

19 1000 223 1062 ¹'ebant
249 1044 270 1077 ‚
335 1019 476 1080 quae
514 998 688 1060 etiam
740 1002 898 1079 Pura
935 997 959 1037 f
979 1044 1000 1078 ‚
1057 999 1122 1062 &

42 1104 135 1142 era
160 1093 185 1134 Β
243 1079 326 1140 est
364 1077 528 1139 diezea.
610 1079 735 1155 Qi
774 1095 962 1142 autem
993 1102 1123 1143 eam

51 1162 221 1222 ebant
274 1159 487 1220 Tirones
530 1160 556 1198 ¹¹
613 1159 946 1222 dicebantur
970 1190 992 1235 3
1051 1162 1117 1225 ὃς

104 1241 259 1303 aetus
323 1242 490 1321 hujus
541 1242 707 1300 vestis
768 1240 1065 1303 sumendae
1091 1287 1114 1319 ,

34 1327 251 1384 ocinium
292 1320 338 1392 ⁵3
383 1320 537 1400 quod
565 1320 912 1401 potiffimum
940 1322 1118 1384 fiebat

40 1405 263 1464 eralibus
291 1405 351 1461 k:
396 1401 458 1460 &
485 1417 618 1479 tum·
652 1422 880 1482 quoque
920 1405 1118 1465 bullam

31 1505 180 1560 eam,
221 1483 314 1543 vel
338 1479 632 1558 scorteum,
676 1481 718 1541 fi
744 1483 989 1542 libertini
1031 1483 1114 1545 ef-

83 1566 134 1640 ¹‚
178 1563 520 1640 (Macrobius
559 1565 660 1622 loco
686 1567 744 1621 in
783 1567 1012 1641 margine
1040 1569 1115 1625 ci-

57 1687 78 1719 ,
171 1640 399 1722 proprie
438 1641 580 1700 dicit
619 1645 784 1702 lorum
823 1663 929 1723 pro
970 1647 1116 1705 bulla

53 1725 119 1799 e)
163 1741 334 1803 quam
358 1718 429 1780 de
457 1721 609 1860 εῗ<11ε1>
649 1721 974 1864 pendulams
990 1724 1116 1806 ges-

597 1823 623 1862 <
963 1820 1119 1867 erant

66 2001 80 2014 .
109 1965 214 2015 Αἶά.
258 1973 439 2014 Manut-
467 1964 515 2013 de
550 1977 644 2028 toga
678 1972 800 2014 Rom.
867 1965 897 2014 b
928 1964 1029 2016 Feli.
1064 1978 1118 2016 v.'

50 2043 280 2079 aetextum.
304 2037 415 2077 Suet.
451 2030 563 2092 Vesp.
587 2046 621 2077 c.
644 2043 720 2077 22.
785 2044 811 2079 c
844 2031 1017 2089 Juven.
1044 2044 1115 2081 11.

45 2128 58 2140 .
86 2107 188 2154 170.
256 2091 286 2142 d
316 2093 407 2141 Cic.
425 2105 489 2154 pr.
521 2092 637 2141 Cael·
660 2109 696 2142 c.
720 2108 761 2154 ς.
793 2096 908 2142 Suid.
930 2096 1115 2156 ν.Εφη-

149 2173 178 2206 e
210 2158 328 2205 Plus.
361 2162 533 2210 Antan.
566 2169 608 2220 p.
638 2170 754 2217 949.
781 2165 836 2205 C.
899 2159 925 2209 f
950 2160 1115 2207 Catull-

61 2220 139 2282 69.
234 2235 265 2284 g
319 2219 448 2268 Ovid·
493 2220 615 2279 Trist.
648 2234 723 2272 lv.
760 2221 823 2269 ΕΙ.
855 2236 900 2269 x.
935 2222 1000 2284 vs:
1033 2223 1113 2271 28.

50 2284 158 2333 Plin-
180 2292 238 2333 Η.
265 2291 432 2339 Ν·Ιν11
447 2298 485 2333 1.
503 2299 536 2332 c.
551 2282 626 2341 48.
687 2284 703 2331 i
734 2290 847 2333 Suet.
867 2287 972 2347 Caje
985 2302 1019 2333 c.
1037 2300 1108 2335 10.

72 2350 205 2398 ovid.
236 2348 348 2405 fall.
391 2361 492 2395 111.
523 2347 592 2408 vs.
623 2358 731 2405 771.
760 2347 859 2412 sqq.
888 2349 961 2396 ubi
989 2352 1108 2412 caus·

80 2409 204 2475 hujus
239 2410 420 2473 instituti
447 2409 596 2458 reddit.
673 2410 691 2458 1
720 2411 922 2460 Macrob.
953 2419 1045 2462 Sat.
1069 2426 1112 2463 1.

58 2474 101 2524 6·
138 2475 294 2547 Ascqn.
326 2474 399 2539 mig
441 2474 530 2526 Cic.
575 2473 622 2531 in
654 2480 773 2542 νεα.
800 2481 850 2541 ᾗ..
898 2490 938 2526 1.
966 2491 997 2526 c·
1031 2475 1113 2540 58.
