1747 2936
160 97 609 171 ANT1Q11TAT.
651 95 926 160 ROMAN.
1065 112 1146 182 46
1152 120 1183 186 3

91 284 443 353 CAPUT
523 291 1093 387 QUARTUM.

470 477 564 536 De
604 480 739 538 Acie

41 652 128 714 .1.
166 656 374 793 Aciei
398 655 585 734 for-ma
626 657 896 717 ordinaria
936 660 1087 735 erat,
1127 670 1194 717 ut
1211 667 1460 732 Dioravmi-⁴

318 737 487 815 primi
555 756 808 817 pugnarn
876 738 1195 799 lacefferent
1210 735 1275 781 ria
1294 734 1394 811 “95²2

51 818 241 891 elites,
284 817 380 896 qui
411 817 660 893 stabant,
703 818 950 879 velante
994 800 1367 900 justamfi'ma·

78 897 184 956 'em
209 909 231 936 ²
251 939 272 972 ,
313 897 405 956 vel
433 899 491 958 in
530 898 834 959 intervallis
874 901 1194 981 manipulo-

55 1020 57 1027 2
93 995 97 998 ’
161 977 220 1054 ¹²,
262 978 353 1037 vel
381 978 450 1038 ad
477 997 785 1060 utrumque
812 1001 1010 1041 cornu,
1056 982 1198 1043 Inde

85 1060 335 1142 gnabant
361 1061 586 1139 Hastati
610 1071 633 1099 ⁰
651 1087 674 1132 3
704 1061 860 1142 quod
887 1061 930 1122 fi
965 1062 1047 1121 illi
1076 1063 1198 1143 pel-

0 1202 2 1208 ,
87 1164 119 1202 e
160 1141 382 1202 hostem
425 1163 544 1202 non
583 1142 922 1224 potuissent,
963 1144 1055 1204 vel
1096 1143 1201 1225 ipfi

121 1240 349 1284 crentur
375 1269 396 1302 ‚
451 1223 798 1304 recipiebant
836 1223 890 1283 se
926 1224 987 1282 in
1026 1224 1203 1284 inter-

0 1299 8 1333 ''
78 1378 82 1382 ,
119 1327 151 1366 a
204 1307 519 1383 Principum
546 1304 607 1378 ‘¹3
665 1305 755 1365 vel
804 1304 937 1386 post
960 1324 1056 1364 eos
1081 1349 1102 1381 ,
1159 1305 1240 1366 fi¹

56 1450 57 1454 ,
212 1383 331 1446 feffi
358 1387 548 1446 effent.
633 1387 693 1447 Si
721 1385 874 1467 apud
914 1386 1206 1467 Principes

129 1490 240 1550 que
268 1468 452 1527 minus
479 1467 740 1549 prospere
781 1482 1099 1548 pugnatum
1128 1466 1209 1526 es-

86 1585 126 1628 ·‚
168 1550 249 1608 illi
289 1547 487 1608 senfim
515 1570 548 1607 a
573 1551 754 1630 prima
795 1550 915 1608 acie
940 1547 1009 1607 ad
1051 1547 1208 1606 Tria-

68 1654 119 1690 05
158 1629 541 1690 referebantur
566 1673 587 1704 ‚
648 1632 815 1710 juxta
855 1648 994 1709 quos
1035 1628 1207 1688 etiam

59 1712 280 1772 'dentur
334 1709 491 1769 fuisse
533 1708 976 1784 Extraordinarii
1023 1706 1218 1783 socio--

62 1810 185 1868 sn,
229 1793 290 1851 &
318 1792 579 1850 Evocati.
623 1790 799 1849 Tunc
826 1790 886 1849 hi
913 1788 1078 1851 fimul
1104 1811 1205 1850 ex-

108 1890 304 1958 gentes
347 1871 635 1949 (sedebant
674 1873 859 1947 enim,
902 1870 1051 1930 unde
1076 1872 1210 1949 βιὸ-

70 1958 158 2018 dm
186 1968 206 1994 ⁶
239 1954 509 2014 dicuntur
521 1998 542 2031 ‚
560 1954 622 2014 &
647 1953 707 2012 in
723 1950 1010 2012 Gloffariis
1026 1952 1220 2012 Grae-'

69 2037 81 2050 ⁶
159 2038 362 2109 ’έφεδροι
402 2057 509 2117 pro
549 2037 790 2108 triariis)
831 2052 1082 2114 pugnam
1124 2039 1213 2093 re*

109 2119 342 2180 urabant
381 2115 399 2155 f
412 2146 433 2190 3
478 2114 696 2177 &inde
735 2134 847 2174 rem
884 2118 1118 2193 aliquam
1144 2113 1222 2174 ad

96 2203 240 2264 'arios
264 2201 501 2279 rdizffl,
543 2216 721 2338 qugm
750 2195 809 2255 in
835 2194 1015 2274 aliqua
1041 2215 1102 2335 ιζ
1140 2195 1220 2253 la-

691 2297 734 2359 g
775 2295 812 2336 2.
1097 2296 1221 2336 ora·

102 2438 202 2505 liv.
246 2457 477 2495 xxxvnr.
510 2459 546 2492 c.
578 2455 658 2493 21.
751 2439 782 2489 b
834 2438 898 2490 ld.
938 2451 1042 2486 xxx.
1072 2452 1106 2486 c.
1137 2449 1212 2501 33.

101 2520 127 2558 c
155 2511 246 2559 vid.
266 2510 327 2557 1b.
356 2526 389 2557 c.
412 2507 455 2556 8·
524 2505 554 2556 d
588 2505 652 2555 ld.
672 2519 728 2553 VI
741 2519 799 2553 11.
817 2520 852 2551 c.
879 2502 924 2565 8.
990 2517 1018 2551 e
1049 2500 1216 2562 Festdn

68 2571 254 2637 ¹fragm.
284 2572 409 2636 hujus
446 2577 497 2637 V.
590 2569 618 2634 f
659 2566 789 2620 Dion.
831 2565 966 2619 Halia.
999 2580 1045 2618 v.
1079 2566 1219 2628 15·f‚
