1747 2936
527 97 641 148 160
903 81 1491 159 CoMPENDmM
1568 154 1574 158 ,

517 186 685 266 plane
712 181 794 242 est
809 181 967 263 quod
983 181 1184 242 Caesar
1196 183 1290 261 sex
1305 182 1397 244 vel
1414 181 1549 243 oeno
1563 181 1714 244 Prae

517 265 699 326 feetos
742 263 898 341 Urbi
967 264 1211 324 instituit
1279 265 1338 326 in
1396 263 1712 346 Hispaniau

520 343 889 427 proficiscens
917 346 971 420 a)
1028 346 1202 405 creari
1228 347 1439 429 'coepit
1457 394 1460 397 -
1479 346 1549 408 ad
1578 347 1711 407 usur·

521 431 817 509 pationem
857 428 1109 490 vetustae
1151 427 1437 510 religionis
1493 433 1710 490 Latina-

521 532 642 570 rum
657 510 933 590 feriarum
958 511 981 549 b
1020 509 1200 574 cauffa
1216 553 1237 586 9
1254 530 1397 592 quae
1424 532 1454 569 a
1480 511 1704 593 Tarqui

520 592 618 651 nio
644 590 916 672 ¹Superbo
943 592 1152 651 ultimo
1180 593 1588 652 Romanorum
1603 597 1702 655 Re

519 693 596 754 ge
625 673 914 734 institutae
940 694 1044 754 per
1057 688 1307 755 quatuor,
1329 673 1446 732 dies
1472 686 1493 712 ⁰
1517 697 1549 734 a
1565 676 1705 736 Con

518 753 727 816 sulibus
756 800 776 833 9
835 756 1163 836 priusquam
1206 753 1275 814 ad
1301 754 1518 821 bellum
1546 758 1699 837 profi

517 835 650 896 cisci
680 836 903 917 possent
931 882 952 915 9
1008 838 1071 897 in
1096 852 1297 896 monte
1326 836 1554 897 Albano
1582 839 1703 899 cele

518 917 830 980 brabantur
868 919 932 978 in
969 919 1253 980 honorem
1297 921 1463 998 Jovis
1493 922 1702 982 Latialz

521 998 690 1061 fimul
733 1022 871 1079 cum
912 1000 1330 1083 magistratibus
1360 1000 1700 1084 quadragint

520 1080 738 1164 septem
765 1084 922 1143 Latii
948 1083 1300 1165 populorum
1345 1085 1527 1162 (inter
1567 1106 1699 1165 quos

520 1162 655 1246 post
679 1168 1017 1243 Romanos9
1061 1162 1351 1246 praecipui
1378 1180 1538 1240 erant
1565 1166 1697 1228 Lati

520 1248 630 1323 ni9·
686 1249 913 1306 Hernici
954 1248 1015 1307 &
1058 1246 1355 1326 Volsbidk
1416 1247 1478 1307 &
1520 1246 1628 1307 hac
1669 1271 1695 1310 1·
1745 1252 1747 1268 '

521 1327 874 1411 Tarquinius
929 1330 1191 1388 Romam
1233 1330 1389 1389 Latii
1432 1344 1692 1411 metropc

518 1410 624 1471 lim
651 1408 881 1493 agnosci
907 1408 1047 1469 fecit
1073 1454 1093 1487 9
1152 1430 1288 1470 cum
1317 1432 1348 1469 a
1376 1409 1690 1491 Magistrat
1743 1440 1747 1467 z

517 1491 632 1554 bus,
652 1491 937 1553 Romanis
962 1492 1068 1552 hae
1109 1492 1277 1551 feriae
1311 1489 1689 1552 indicerentur
1743 1490 1745 1493 ’

518 1574 586 1635 &
611 1566 871 1634 Romani
901 1575 1083 1634 Sacris
1109 1618 1129 1650 9
1187 1594 1329 1655 quae
1368 1569 1449 1631 ibi
1490 1570 1685 1633 fierent

515 1655 847 1735 praeeffent.
945 1654 1090 1730 Quo
1132 1653 1396 1735 tempore
1446 1676 1477 1713 a
1518 1653 1682 1715 mutu

513 1734 734 1821 injuriis
787 1735 1091 1819 diligenter
1145 1736 1408 1796 abstineri
1449 1735 1684 1798 debebat

515 1818 672 1880 unde
694 1819 919 1897 ἀνοχαὶ,
951 1817 1078 1895 >five
1105 1821 1343 1878 induciae
1370 1833 1652 1878 vocantur

516 1900 838 1970 Creabatur
866 1901 1059 1961 autem
1087 1900 1204 1959 fere
1232 1899 1587 1976 adolescens9
1632 1921 1682 1982 qu

514 1981 790 2043 senatoria
831 1982 1013 2061 aetate
1041 1981 1302 2042 nondum
1328 1981 1463 2041 effet
1490 2027 1510 2058 9
1555 1982 1616 2041 &
1644 1998 1680 2042 [ε

516 2085 654 2125 men
696 2066 757 2140 in
797 2065 962 2125 rebus
988 2063 1179 2142 subitis
1223 2065 1496 2125 Senatum
1524 2062 1680 2123 habe]

518 2162 750 2228 poterat
776 2145 820 2205 f:
840 2167 977 2209 cum
1004 2142 1233 2228 Populo
1262 2167 1398 2208 vero
1427 2167 1594 2229 agere
1611 2167 1679 2222 nc

1620 2250 1678 2311 p(

513 2392 541 2428 ιι
574 2379 710 2436 Diorl.
725 2375 1513 2442 x2111.p.149.ed.a.steph.1548.
1578 2373 1607 2422 b
1638 2373 1669 2424 l:

578 2446 619 2497 ἕ·
649 2460 672 2507 3
683 2458 724 2507 3.
736 2445 790 2508 ff
817 2446 866 2492 de
889 2446 1005 2507 Orig.
1031 2444 1142 2505 [ἴαν.
1207 2457 1232 2491 c
1268 2441 1385 2490 Plut.
1409 2439 1587 2490 camin.
1619 2438 1665 2487 in

574 2518 600 2557 d
635 2514 765 2558 Dion.
789 2508 929 2558 Halic.
954 2525 1026 2559 xv.
1044 2527 1081 2560 e.
1103 2523 1181 2571 49.
1249 2522 1277 2558 e
1320 2507 1451 2559 Dion.
1471 2505 1613 2559 Halic.
1631 2503 1664 2554 l.
1684 2554 1695 2577 ‚e

568 2573 594 2621 f
622 2574 730 2623 Gen·
751 2578 862 2626 XIV·
880 2578 918 2623 c·
942 2572 989 2623 8·
1688 2583 1691 2601 (
