1747 2936
150 84 600 156 ANanTAT.
642 81 919 144 ROMAN.
1058 100 1180 164 577

26 226 40 238 .
118 178 245 240 endi
302 178 529 237 licentia
596 182 848 259 primum
917 177 1166 242 restricsta

35 262 78 320 it
103 259 454 340 aliquatenus
484 259 610 341 lege
655 261 925 335 Numae,
968 261 1026 319 in
1055 276 1166 340 qua

55 341 237 421 ’ptum
305 357 422 399 erat
477 342 544 398 ad
602 342 757 400 hunc
827 338 1052 403 sensum*
1088 352 1111 379 ²
1138 384 1162 419 ‚

28 423 36 469 ῗ
47 435 206 500 pater
222 420 522 497 permiserit
537 422 658 500 filio
685 442 897 480 uxorem
925 422 1108 480 ducere
1135 465 1158 497 ,

75 523 101 561 e
126 523 189 559 ex
216 504 408 581 legibus
426 506 687 579 particeps
697 507 776 579 stt
790 501 1064 578 sacrorum
1091 502 1165 568 δέ’

91 603 241 658 rum,
279 587 428 658 patri
459 584 670 661 posthac
712 585 912 642 nullum
941 583 1037 659 jus
1063 582 1163 659 esto

37 664 224 722 ndendi
235 666 437 740 filium.
513 665 551 739 J
555 684 653 723 ure
678 683 814 722 vero
856 661 1164 722 Pandecsta-

38 763 96 802 m
127 743 274 803 filius
317 766 500 825 neque
539 744 741 819 vendi,
785 763 970 824 neque
999 743 1168 824 oppi-

53 825 197 884 orari
227 825 416 904 potest
442 826 501 882 b:
535 846 855 906 quanquam
886 823 1169 884 Constan-

29 925 119 964 .us
134 905 586 985 sanguinolentos,
629 906 687 965 id
715 905 831 980 est,
873 926 1043 964 recens
1070 925 1170 964 na-

88 987 332 1047 vendere
359 987 417 1046 in
459 1004 715 1046 extrema
740 986 900 1046 famis
939 984 1169 1047 neceffi-

55 1088 87 1127 e
128 1067 440 1148 permiserit
467 1080 510 1127 Ε.
592 1068 800 1128 Tertio
824 1111 844 1142 ‚
901 1065 1174 1148 quicquid

56 1151 135 1208 eri
178 1150 271 1209 vel
314 1171 385 1210 ex
415 1150 597 1230 operis
635 1149 772 1225 suiS‚
816 1147 907 1208 vel
949 1147 1170 1207 aliunde

32 1230 338 1311 :quirebant
393 1230 532 1290 illud
572 1251 642 1289 eo
695 1228 814 1309 ipso
871 1244 1171 1288 momento

33 1313 118 1372 [tri
144 1311 554 1392 acquirebatur:
573 1310 815 1389 ideoque
841 1309 1012 1367 etiam
1042 1329 1162 1368 non

37 1413 107 1452 na
134 1392 238 1451 filii
267 1391 602 1452 dicebantur
629 1434 649 1467 ‚
692 1389 782 1448 sed
825 1391 1100 1449 Peculium
1129 1389 1172 1449 d.

47 1495 121 1533 oc
162 1474 302 1533 olim
344 1471 669 1532 uniusmodi
708 1471 819 1530 fuit
860 1471 1068 1550 pariter
1107 1490 1175 1530 ac

34 1575 286 1615 ntorum.
363 1555 500 1630 Jure
542 1573 677 1611 vero
718 1572 877 1610 novo
933 1549 1177 1632 quadru-

32 1637 117 1696 lex
169 1635 296 1694 est:
344 1634 718 1711 Profeblitium
743 1676 763 1708 ‚
811 1632 964 1712 quod
1006 1653 1037 1691 a
1079 1653 1177 1712 pa-

34 1736 68 1775 ‘e
96 1759 117 1792 ,
169 1716 261 1776 vel
303 1716 473 1795 patris
515 1714 694 1774 cauffa
734 1713 801 1773 ab
844 1713 958 1771 aliis
1000 1711 1068 1772 ad
1112 1711 1183 1772 fi-

69 1817 128 1855 m
176 1798 527 1875 proficiscitur
553 1838 574 1872 ‚
630 1796 800 1876 idque
841 1794 1013 1876 pleno
1052 1795 1182 1874 jure

59 1879 132 1937 tri
160 1877 517 1955 acquiritur3
568 1878 981 1950 „delventinum
1026 1875 1182 1956 quod

37 1958 207 2019 iunde
236 1958 360 2018 filio
394 1961 650 2034 advenit,
695 1979 726 2016 a
753 1973 966 2031 matre,
1011 1973 1182 2035 puta,

32 2172 36 2179 .
79 2120 274 2199 (stum,
309 2119 457 2181 filius
484 2141 620 2183 vero
649 2117 1187 2257 proprietatembha-

1095 2215 1151 2257 et
1164 2225 1188 2270 3

69 2348 177 2399 lbid.
269 2347 299 2397 b
357 2355 407 2395 L.
428 2346 509 2394 ult.
532 2346 588 2410 ff
606 2360 724 2409 ,quae
745 2362 809 2391 res
832 2343 945 2406 pign.
967 2343 1049 2391 obl.
1077 2344 1107 2392 ἱ.
1131 2341 1177 2392 6.

58 2414 162 2461 Cod.
185 2414 269 2461 eod.
291 2413 319 2459 l.
337 2426 374 2460 1.
397 2412 503 2462 Cod.
524 2413 571 2458 de
586 2422 682 2473 par.
705 2409 781 2473 qui
799 2408 869 2456 lib.
892 2408 1004 2464 distr·
1077 2421 1103 2457 c
1134 2413 1183 2454 L.

56 2491 105 2524 2.
137 2478 241 2526 Cod.
270 2477 311 2524 d.
335 2488 368 2526 t.
468 2475 498 2524 d
546 2476 587 2530 §-
614 2490 655 2522 1.
694 2473 829 2532 Instit.
850 2485 920 2534 per
952 2488 1060 2538 quas
1081 2470 1187 2538 persi

57 2539 168 2606 quiq.
187 2558 277 2606 acq·
306 2547 356 2591 V.
378 2542 516 2607 Diqn.
537 2540 642 2606 fiat.
664 2552 806 2596 vm!
834 2552 869 2589 c.
893 2548 969 2597 79.

56 2054 84 2100 t
125 2040 349 2114 amici3‚
394 2055 564 2120 atque
604 2040 664 2098 in
706 2059 775 2097 eo
806 2053 965 2118 pater
995 2037 1194 2096 usum-.
