1747 2936
597 93 725 180 ‘'3'32
959 92 1552 159 COMPENmuM
1608 73 1621 80 ‘¹

607 195 830 278 primus
858 194 1158 255 constituit
1188 199 1370 258 Ancus
1396 193 1719 257 Marciusl

608 298 914 338 manorum
955 277 1095 336 Rex
1155 295 1384 355 quartus
1422 290 1443 317 ²
1473 305 1494 349 3
1569 277 1636 335 V
1626 280 1718 337 alm

605 360 897 437 Maximus
935 379 1075 418 vero
1091 402 1111 435 ‚
1158 356 1280 419 five'
1313 360 1434 440 quis
1473 357 1611 418 alius
1652 360 1710 419 in

605 444 736 502 bello
779 443 841 500 de
881 443 1172 500 nominibus
1231 443 1495 502 Sertorem
1537 439 1715 520 quenc‘

606 524 839 603 Regium
910 524 1030 604 ejus
1093 522 1234 604 juris
1301 520 1591 581 auftotem
1662 520 1713 582 fa

606 603 946 685 Collegium
962 604 1012 663 F
1015 603 1278 663 ecialium
1294 619 1413 662 erat
1445 602 1711 664 Sacerdot

603 686 847 768 viginti,
892 686 990 768 qui
1018 685 1225 746 eodem
1255 685 1434 745 modo
1464 705 1530 744 ac
1571 686 1710 746 Pom

602 787 699 827 ces
728 767 1082 828 creabantur.
1170 770 1405 828 Horum
1450 767 1708 848 praecipt

605 871 794 910 munus
827 849 852 889 b
896 866 1014 910 erat
1042 849 1196 911 bello
1224 849 1565 925 indicendO,
1610 848 1671 908 &
1697 861 1706 908 1

605 930 727 991 deri
757 930 1020 992 faciendo
1048 932 1327 1014 praeesse,
1372 931 1434 992 &2
1462 930 1704 1012 prospice

600 1034 674 1073 ne
716 1015 974 1074 Romani
1016 1014 1269 1092 bellum,
1313 1014 1415 1073 nisi
1457 1014 1702 1095 legitimt

601 1095 858 1156 facerent
882 1109 930 1154 ⁰.
1017 1098 1220 1178 Itaque
1250 1118 1428 1175 quum
1473 1115 1610 1178 gens
1637 1094 1701 1154 ali

599 1178 905 1238 Romanos
950 1179 1154 1260 injuria
1193 1177 1497 1253 affecisset,
1554 1197 1698 1236 unus

596 1258 916 1320 Fecialibus
947 1282 1016 1319 eo
1047 1260 1523 1342 proficiscebatur
1552 1257 1599 1335 ἃ,
1632 1274 1694 1318 ut

603 1361 691 1399 res
719 1340 963 1418 ablatas,
1008 1342 1101 1402 vel
1125 1341 1310 1401 sontes
1339 1341 1620 1423 profugos
1648 1362 1694 1400 rc

597 1420 777 1483 sceret
808 1437 829 1463 θ
848 1446 860 1483 :
880 1423 1037 1505 quod
1067 1423 1108 1482 fi
1137 1425 1337 1503 injuria
1367 1422 1667 1483 confestim

597 1503 929 1582 sarciretur,
947 1506 1185 1587 triginta
1213 1505 1327 1580 dies
1355 1505 1461 1565 illis
1489 1504 1556 1563 ad
1589 1526 1688 1563 cor

599 1587 842 1647 tandum
887 1587 1057 1647 dabat
1088 1616 1107 1660 3
1170 1587 1373 1667 quibus
1415 1584 1610 1666 elapsis
1651 1608 1686 1668 p

598 1666 818 1728 bellum
849 1685 1081 1750 poterat
1107 1669 1192 1728 isti
1222 1670 1382 1751 genti
1412 1669 1601 1728 indici.
1647 1671 1692 1728 '1³

598 1750 784 1809 rursus
812 1750 882 1809 ad
914 1749 1055 1810 fines
1085 1751 1313 1811 hostiles
1342 1749 1660 1832 progressus

594 1832 754 1891 cialis
781 1833 939 1892 hasta
981 1832 1281 1915 sanguinea
1309 1835 1366 1892 in
1394 1833 1519 1892 illos
1561 1835 1681 1914 proj

596 1911 817 1974 bellum
849 1930 1005 1975 certa
1033 1913 1424 1996 formulaipfis
1451 1913 1679 1975 indiceb

596 1997 796 2078 postea
823 1996 993 2057 au&o
1023 1997 1365 2057 immensum
1395 1998 1650 2079 Imperio

1599 2099 1677 2138 mc

594 2227 622 2263 a
658 2215 861 2265 [λαις.
884 2230 959 2278 32.
1018 2216 1046 2263 b
1081 2215 1568 2278 Cic.deOffic.1.c.xt.
1622 2229 1648 2262 c

660 2280 711 2328 de
735 2288 787 2328 L.
811 2289 862 2328 L.
898 2296 967 2328 lv.
992 2298 1026 2325 c·
1056 2295 1123 2340 1¹5-
1161 2282 1250 2327 Via.
1273 2298 1387 2328 omn.
1425 2289 1550 2329 Varr.
1570 2280 1618 2328 de
1635 2297 1674 2326 va

659 2354 717 2394 R.
739 2352 792 2392 L.
824 2360 926 2394 111.
947 2356 988 2403 ρ.
1012 2345 1086 2407 65.
1109 2346 1158 2392 ed
1182 2347 1349 2394 Durdr.
1370 2358 1500 2403 wast).
1527 2353 1673 2404 Non.p

654 2410 721 2459 ed.
745 2408 895 2456 Plant,
925 2410 1058 2470 1565.
1126 2409 1153 2457 d
1192 2410 1282 2458 rid.
1303 2428 1415 2457 omn.
1438 2411 1569 2458 Dion.
1591 2406 1672 2455 Hal

652 2491 688 2521 c.
712 2487 790 2530 72.
857 2489 885 2522 e
919 2476 1020 2520 Liv.
1053 2489 1120 2520 1v·
1147 2491 1180 2521 c.
1213 2489 1287 2537 30.
1310 2483 1433 2521 Serv.
1457 2475 1527 2521 ad.
1562 2473 1666 2532 Virg.

647 2547 706 2586 X.
736 2554 784 2586 v.
819 2553 887 2596 14.
969 2539 993 2586 f
1020 2539 1191 2587 Cincius
1215 2551 1281 2602 ap.
1318 2539 1427 2586 Geli.
1450 2554 1560 2590 ΧΠ.
1581 2553 1615 2588 c.
1635 2549 1666 2596 4

650 2615 690 2651 π.
710 2618 744 2650 c.
767 2617 847 2667 32.
870 2601 1002 2652 Dlon.
1025 2604 1170 2655 Halic.
1200 2618 1271 2653 11.
1296 2621 1334 2654 c.
1362 2616 1437 2663 72.
