1747 2936
631 107 749 150 220
963 83 1557 148 COMPENDIUM

625 201 716 244 ret
754 194 806 242 ²:
851 181 977 259 vel,
1024 183 1066 242 fi
1109 184 1308 264 capitis
1350 184 1442 244 die
1482 185 1635 247 dicta
1661 230 1683 265 ‚

629 282 860 348 tequam
903 264 999 323 illa
1039 265 1305 343 venisset,
1348 288 1473 327 reus
1513 267 1715 349 sponte

623 347 686 408 in
742 347 978 408 exilium
1047 345 1262 407 abiiffet
1289 391 1310 423 ,
1378 349 1518 409 haec
1596 371 1730 411 com

621 429 1010 505 sufficiebant,
1053 444 1120 488 ut
1163 428 1398 489 exilium
1428 433 1479 491 ei
1522 431 1728 495 confiri

617 528 775 573 retus
804 511 846 571 b.

700 599 897 655 Forma
939 596 1154 672 Judicii
1182 598 1455 673 popularis
1480 595 1621 657 haec
1651 620 1723 658 er:

625 676 1002 758 Magistratus
1028 722 1050 754 9
1122 677 1218 758 qui
1273 676 1519 758 aliquem
1572 700 1720 739 accu·

620 759 830 837 vellet,
886 758 1117 840 Populo
1158 780 1261 840 per
1301 781 1643 840 praeconem
1686 782 1717 821 c

620 857 833 904 vocato
862 863 893 900 e
921 840 1110 900 rostris
1171 854 1192 878 ⁶
1220 843 1358 900 diem
1385 862 1484 901 reo
1525 844 1714 903 dicebas

614 923 950 986 audiendam
980 921 1397 983 accusationem
1413 951 1433 996 3
1483 923 1544 982 &
1572 924 1632 983 in
1660 947 1711 994 re

611 1006 947 1089 capitalibus
990 1004 1221 1086 quidem
1279 1007 1443 1064 vades
1471 1006 1543 1082 d,
1618 1011 1640 1084 (
1669 1028 1706 1089 q

609 1092 863 1169 primum
893 1087 1145 1170 contigit
1171 1087 1230 1146 in
1258 1087 1332 1144 K.
1378 1089 1637 1169 Quinem
1698 1105 1705 1127 ⁴

607 1170 691 1231 U.
727 1170 900 1244 291.)
945 1171 1003 1229 in
1033 1167 1246 1230 mulcta
1275 1166 1503 1250 praedes
1531 1191 1564 1228 a
1590 1186 1689 1230 reo

605 1252 766 1313 tebat
806 1255 853 1329 f,
899 1252 992 1333 qui
1041 1250 1081 1310 fi
1124 1251 1239 1310 dati
1281 1272 1399 1311 non
1441 1251 1649 1328 effem,
1692 1275 1698 1310 :

606 1334 679 1394 ad
720 1335 871 1395 diem
921 1333 1122 1415 judicii
1167 1333 1226 1391 in
1283 1354 1509 1393 carcere
1564 1332 1694 1393 serva

606 1431 718 1477 tur.
817 1418 973 1477 Cum
1018 1415 1133 1477 dies
1189 1412 1339 1474 dicta
1377 1414 1611 1474 veniffet
1639 1459 1660 1491 ,

603 1519 718 1580 que
759 1521 859 1580 par
886 1544 905 1576 ,
966 1497 1056 1557 vel
1099 1497 1283 1578 major
1322 1496 1688 1576 Magistratus

597 1580 924 1640 terceffiffet
952 1625 971 1655 ,
1044 1599 1169 1638 reus
1224 1597 1326 1657 per
1381 1598 1684 1658 praeconer

593 1660 786 1722 rostris
830 1661 1112 1721 citabatur
1140 1673 1198 1732 23
1248 1658 1344 1736 ὃς,
1391 1658 1431 1717 fi
1475 1680 1594 1719 non
1634 1682 1681 1718 vc

591 1740 674 1802 set
700 1787 721 1820 ,
781 1765 966 1826 neque
1022 1740 1315 1802 excusatus
1357 1740 1490 1802 effet
1517 1787 1539 1820 ,
1597 1763 1678 1801 mi

591 1823 644 1882 ei
687 1825 985 1886 dicebatur
1014 1828 1057 1883 ¹¹.
1144 1824 1205 1885 Si
1245 1822 1478 1882 veniffet
1505 1868 1525 1900 9
1583 1845 1676 1884 acc

589 1920 685 1965 tor
741 1907 976 1967 testibus
1018 1907 1080 1967 &
1136 1906 1485 1988 argumentis
1542 1906 1679 1966 adhi

590 1988 1009 2050 accusationem
1051 1985 1413 2066 instituebat,
1455 2008 1658 2071 eamqu

581 2234 606 2270 a
641 2223 731 2273 Cic.
756 2225 1027 2288 delegg.111·
1054 2234 1145 2284 c.3.
1225 2222 1253 2270 b
1287 2223 1387 2269 Liv.
1416 2236 1488 2272 11.
1511 2238 1542 2268 c.
1573 2234 1664 2285 35.:

639 2303 674 2336 c.
706 2302 748 2351 3.
814 2305 839 2337 c
876 2289 965 2334 Vid.
989 2287 1104 2335 Plut.
1141 2293 1273 2334 Bruto
1298 2299 1339 2348 p.
1365 2305 1423 2333 m.
1449 2286 1560 2350 996.
1637 2284 1662 2333 d

581 2409 584 2410 ⁷
630 2352 725 2415 fhn.
762 2354 1070 2415 Technopaegn.
1099 2363 1139 2413 p.
1166 2351 1274 2410 488.
1316 2352 1366 2398 ed
1397 2352 1498 2398 Totl.
1613 2363 1648 2397 e*

644 2432 740 2466 111.
762 2435 796 2464 c.
829 2434 897 2481 13·
1012 2417 1036 2466 f
1076 2422 1208 2464 Gran.
1238 2416 1357 2463 add.
1379 2417 1477 2463 Liv.
1508 2416 1550 2463 l.-
1630 2426 1659 2474 g

635 2496 927 2533 xxxv111.c.
954 2497 1030 2548 51.
1155 2480 1187 2531 h
1218 2486 1372 2533 Exem.
1405 2480 1499 2534 vid.
1539 2477 1654 2545 apud

633 2558 742 2599 XXV.
764 2563 797 2598 θ.
826 2563 878 2611 42
