1747 2936
450 148 531 192 ιο
782 125 1368 190 CoMPENDmM
1456 152 1460 156 ·

454 251 507 289 e.
541 249 594 297 z,
628 238 665 285 ².
751 227 825 286 A.
854 226 937 287 U.
969 228 1244 290 622.,M.
1273 231 1473 288 Livius
1500 229 1664 288 Dru*

440 311 538 388 sus
565 307 862 386 Tribunus
891 306 1070 388 plebis
1111 305 1182 365 de
1207 312 1474 377 trecentis
1501 310 1661 390 equi*

454 389 605 450 tibus
648 387 708 450 in
751 392 1026 451 Senatum
1069 387 1320 469 legendis
1347 391 1534 474 legem
1567 407 1660 450 tu-

450 472 519 532 lit
552 472 577 511 b
590 500 611 545 3
659 493 860 533 verum
888 492 985 548 ea,
1002 491 1179 552 aeque
1205 491 1270 529 ac
1299 471 1434 534 aliae
1461 493 1659 532 omnes

446 552 518 614 ab
547 553 754 613 eodem
783 554 925 612 latae
941 597 959 629 ,
992 552 1180 612 statim
1210 573 1279 611 eo
1307 554 1462 615 caeso
1490 552 1656 615 abro-

448 651 581 717 gata
609 635 707 694 est.
753 636 961 694 Sullam
990 632 1353 693 metatorem
1385 637 1654 696 Senatum

448 716 659 775 auxisse
700 730 924 774 certum
967 714 1048 774 est
1083 727 1136 792 0,
1182 714 1274 774 sed
1307 732 1452 797 quot
1483 720 1653 778 Sena-

356 870 362 875 ·
447 812 600 858 tores
627 796 897 876 adjecerit
926 798 1240 856 incertum:
1289 797 1405 856 hoc
1434 801 1655 859 constat

448 879 583 959 post
625 872 842 939 Sullam
881 879 1031 938 ultra
1059 878 1500 960 quadringentos
1526 879 1656 940 fuis-

445 958 498 1019 se
525 961 568 1019 ἃ.
651 961 952 1042 Tempore
978 981 1116 1022 vero
1150 961 1290 1038 Julii
1319 961 1561 1023 Caesaris
1591 964 1653 1025 &

444 1063 549 1123 per
605 1041 879 1101 insecutas
933 1041 1124 1102 turbas
1180 1043 1652 1106 Triumvirorum

442 1124 639 1183 multis
667 1122 910 1205 indignis
940 1123 1126 1203 (facile
1156 1124 1498 1204 patientibus
1513 1128 1651 1187 Tri-

443 1207 709 1283 umviris‚
752 1222 819 1265 ut
858 1207 937 1265 ita
977 1226 1176 1264 eorum
1206 1208 1452 1287 tyrannis
1480 1210 1652 1270 etiam

442 1289 624 1370 magis
666 1288 1010 1361 firmaretur)
1054 1288 1114 1345 in
1159 1288 1430 1348 Senatum
1470 1289 1522 1349 se
1564 1293 1650 1350 in-

441 1369 769 1451 gerentibus
796 1389 1064 1429 numerus
1094 1371 1435 1430 Senatorum
1462 1372 1552 1431 vel
1580 1373 1652 1433 ad

441 1451 600 1511 mille
629 1453 885 1512 excrevit
900 1481 921 1525 3
968 1451 1210 1531 ideoque
1237 1451 1308 1511 ab
1339 1455 1575 1532 Augusto
1603 1469 1648 1532 θ,

437 1533 742 1615 postquam
781 1555 973 1593 rerum
1013 1534 1232 1613 potitus
1272 1535 1386 1610 est„
1433 1535 1502 1592 ad
1533 1537 1649 1615 pri-

440 1615 650 1675 stinum
679 1636 983 1674 numerum
1011 1613 1411 1674 sexcentorum
1452 1614 1650 1676 debuit
1722 1678 1727 1694 χ.

440 1697 640 1777 redigi.
725 1698 806 1756 Et
832 1697 971 1756 haec
1015 1695 1086 1755 de
1128 1717 1370 1756 numero
1403 1696 1464 1756 &
1490 1699 1647 1758 insti-
1720 1712 1728 1777 u

439 1779 665 1837 tutione
696 1778 1036 1838 Senatorum
1063 1775 1211 1836 dieta
1236 1777 1419 1839 sunto.
1631 1788 1634 1790 ’

147 1873 218 1912 De
259 1867 425 1918 leffiom
522 1871 569 1931 §.
589 1860 667 1918 ΙΙ.
712 1862 908 1919 Ᾱεὲῗκς
935 1858 1045 1917 fuit
1062 1860 1289 1919 Senatus
1314 1863 1646 1943 primo-qui-

145 1938 341 1981 senatus.
440 1939 607 2016 dem,
653 1941 740 2000 uti
768 1938 1045 2016 vidimus„
1088 1933 1159 1998 ab
1188 1940 1318 2021 ipfis
1344 1941 1644 2024 Regibus,

435 2023 610 2105 iisque
638 2020 809 2102 pulsis
838 2043 869 2080 a
902 2020 1261 2080 Consulibus.
1346 2024 1414 2082 N
1418 2046 1544 2100 am,
1575 2026 1642 2084 li-

437 2122 530 2164 cet
560 2125 632 2164 ex
662 2102 846 2163 verbis
863 2102 1160 2162 Ciceronis
1164 2121 1263 2181 pro
1282 2105 1463 2165 Sextio
1480 2128 1518 2164 c.
1540 2114 1577 2166 6
1585 2128 1639 2187 5.

436 2189 805 2268 (deligerentur
845 2199 1023 2245 autem
1063 2188 1119 2244 in
1161 2186 1222 2244 id
1248 2188 1530 2266 Constliztm
1570 2188 1642 2248 ab

1523 2291 1641 2329 um-

440 2427 466 2461 a
501 2412 592 2461 Vid.
624 2413 746 2480 Pigh.
769 2414 918 2462 annal.
950 2413 1012 2461 ad
1039 2419 1104 2462 A.
1135 2422 1187 2462 U.
1213 2415 1322 2477 631.
1385 2414 1414 2463 b
1449 2415 1630 2478 Appian·

502 2479 749 2526 Alexandr.
770 2487 821 2526 L.
851 2494 892 2531 Ι.
916 2479 1032 2529 civil.
1045 2491 1087 2541 p.
1111 2482 1218 2543 630.
1239 2479 1450 2528 edit.Toll.
1514 2495 1540 2527 c
1573 2481 1638 2530 Id.

502 2554 542 2603 p.
573 2541 682 2603 650.
714 2558 768 2595 v·
796 2542 905 2591 688.
981 2543 1012 2594 d
1047 2544 1136 2593 Vc'd.
1175 2547 1264 2595 Cic.
1306 2546 1447 2594 Attic.
1483 2558 1525 2593 1.
1566 2558 1639 2609 13.
1708 2550 1712 2607 l

499 2620 526 2653 e
554 2612 668 2661 Suet.
687 2614 806 2672 Aug.
827 2625 863 2658 c.
891 2621 966 2672 35.
1711 2614 1715 2671 ἶ

1706 2719 1708 2800 ζ
