1747 2936
115 55 884 131 'Am1QnrA1-.R0MAN.
961 61 1101 135 *519

0 175 41 222 n
58 170 280 219 &ntum
305 155 576 217 haberent
603 167 644 216 ².
710 154 1091 218 Patriciorum

0 257 93 301 em
119 237 318 299 calceis
356 243 539 299 lunula
565 252 683 299 erat
709 237 897 298 adsuta
911 283 932 316 ,
976 237 1091 302 five

0 328 30 380 a
64 323 267 382 numeri
318 325 647 398 centenarii,
715 319 871 402 quod
924 320 1090 381 initio

0 402 133 462 cricii
174 404 471 464 Senatores
523 416 725 464 centum
775 399 984 460 fuerint
1011 400 1037 439 b
1065 428 1090 473 ς

0 496 140 568 ρςυε
165 499 360 543 notam
390 487 560 544 etiam
588 499 718 543 ante
747 497 991 542 aetatem
1015 480 1098 540 se‘-

42 563 180 624 riam
249 563 542 645 gestabant
580 578 655 624 ⁸..
731 562 1099 644 Plebejorum

35 664 92 705 m
151 647 490 706 Senatorum
528 646 708 707 calcei
750 644 925 704 lunati
969 642 1097 726 quij

79 746 197 786 non
237 726 501 786 videntur
539 727 731 798 fuiffe3
775 724 866 784 sed
907 739 1100 785 tamen

24 805 195 890 ebejis
235 805 453 867 diverfi.
536 808 607 867 In
646 805 813 868 Urbe
837 825 977 866 vero
1010 807 1095 881 so-

15 892 37 959 ,i
75 886 350 947 duntaxat
377 889 535 969 saepe
560 887 719 948 fuiss'e
757 885 1023 949 videntur
1046 887 1093 943 ‘¹.

16 971 136 1029 ‘alia
174 984 390 1029 veteres
429 989 548 1027 non
587 967 906 1028 habuerunt
933 986 948 1023 τ
1003 964 1098 1025 sed

14 1050 249 1111 catiores
276 1094 298 1126 ‚
392 1067 491 1111 aut
546 1049 884 1110 infirmiores
936 1067 1101 1108 crura

9 1130 88 1189 :iis
115 1130 517 1193 obvolvebant.
547 1144 591 1189 θ.

11 1292 59 1345 Ἀ.
90 1302 225 1344 Senec.
256 1292 306 1341 de
337 1292 574 1353 Tranquill.
606 1307 680 1340 an.
713 1309 751 1340 a·
788 1304 862 1340 11.
935 1289 966 1337 b
1000 1289 1101 1354 Ifid.

41 1359 83 1408 d.
181 1371 206 1406 c
253 1364 364 1405 Stat.
394 1357 522 1419 sylv.
554 1370 597 1404 v·
633 1370 678 1411 τ..
706 1358 779 1418 vs?
810 1353 889 1403 28.
952 1353 984 1403 d
1014 1363 1104 1403 Ho-

12 1436 58 1480 t.
89 1420 215 1486 Epist.
258 1435 298 1469 1.
334 1433 404 1482 13·
440 1419 581 1467 Plaut·
618 1425 740 1467 Truc.
774 1424 840 1465 A,
864 1432 932 1468 11·
970 1425 1009 1465 S·
1034 1432 1107 1466 lv.

9 1487 41 1544 fi
77 1502 148 1535 12.
187 1485 262 1534 16.
339 1499 365 1531 e
399 1491 531 1530 Varro
561 1485 606 1530 in
636 1490 799 1531 Catone
825 1494 868 1544 p.
904 1481 1006 1529 160.
1037 1482 1106 1529 ed.

21 1564 54 1600 t.
88 1550 183 1612 five
225 1548 394 1597 Durdr.
423 1558 493 1609 ap.
544 1553 661 1595 Non.
696 1560 740 1611 p.
775 1545 880 1608 138.
919 1545 981 1594 ed.
1021 1555 1102 1608 opt.

12 1615 125 1669 Iam.
157 1614 293 1675 1565.

11 1774 340 1837 *APUT
411 1769 1028 1836 SECUNDUM.

120 1938 216 1998 De
255 1940 456 1996 ratione
496 1939 896 2012 Conviviorum.

218 2099 407 2169 Omani
448 2095 833 2180 antiquisfimis
876 2110 1104 2175 tempo·
1126 2107 1192 2149 De
1207 2099 1365 2149 ratione?

105 2116 214 2251 R
284 2178 436 2241 ribus
501 2180 570 2246 ad
639 2176 884 2241 mensam
951 2172 1100 2235 sede·
1117 2163 1362 2238 aqcumbm-

24 2277 50 2323 t
81 2272 134 2338 ³,
178 2259 334 2341 qnod
373 2282 406 2319 a
449 2259 774 2319 mulieribus
829 2276 1105 2318 verecun-
1120 2230 1178 2279 α’·

31 2354 35 2358 “
74 2343 254 2402 cauffa
308 2340 648 2422 aliquamdiu
702 2339 876 2400 etiam
917 2351 1104 2399 reten-

980 2433 1106 2479 tuln

17 2538 91 2575 νυ.
111 2523 172 2573 ad
200 2524 310 2591 Virg.
329 2528 449 2576 Am.
469 2536 579 2578 vn.
608 2525 678 2588 vs·
708 2522 816 2583 176.
