1747 2936
294 105 742 179 AN'erJmA'r.
783 102 1060 167 ROMAN.
1237 95 1309 174 fi

117 227 263 270 ’mone
289 203 531 266 Etrusco
546 250 567 283 3
596 205 708 288 qui
748 207 1014 268 Romulo
1055 208 1310 273 adversus

121 290 354 352 Sabinos
394 286 672 368 filppetias
713 288 918 348 tulerat
931 319 953 362 3
996 289 1087 348 vel
1101 335 1122 367 3
1160 314 1197 351 a
1223 296 1308 352 lu-

119 394 207 448 ce,
247 371 307 428 in
347 390 465 449 quo
505 368 716 451 asylum
755 369 1048 430 Romulus
1075 392 1310 452 aperue-

118 468 231 517 rat:
278 451 341 511 &
365 451 426 509 in
464 451 613 511 hanc
653 449 869 510 tribum
910 472 1107 511 omnes
1148 475 1312 535 pere-

114 533 263 616 grini
277 575 297 608 3
340 533 437 613 qui
477 547 606 592 tum
649 548 809 592 erant
825 577 845 608 ‚
890 532 954 592 Sc
993 534 1089 614 qui
1118 537 1314 614 postea

114 628 244 674 ante
271 634 479 672 novam
506 612 763 673 tribuum
790 613 1126 674 divisionem
1140 638 1172 675 a
1187 615 1314 676 Tul-

114 699 183 756 lio
212 694 540 754 'institutam
598 716 671 753 ex
710 693 872 754 victis
911 694 1177 776 gentibus
1216 717 1316 757 ac-

115 775 394 836 cefferunt
409 820 429 852 3
471 775 599 834 sunt
625 775 801 834 relati.

137 874 139 877 ’
195 855 642 916 Procedentibus
695 854 1051 938 temporibus
1077 901 1099 934 ,
1171 878 1312 920 cum

67 948 75 958 '
115 936 370 1029 quotidie
410 957 494 996 res
520 938 790 996 Romana
817 952 1152 1019 augeretur,
1193 941 1315 1019 pri-

107 1025 242 1080 ‘mus
271 1017 585 1097 Tarquinius
611 1018 830 1097 Pristns
863 1031 885 1059 ²
925 1020 1154 1099 quintus
1180 1022 1315 1081 Ro-

115 1121 416 1161 manorum
483 1101 622 1159 Rex
690 1120 994 1159 numerum
1061 1099 1318 1165 tribuum

117 1181 429 1264 duplicavit
455 1180 480 1219 b
510 1182 741 1241 retentis
769 1197 961 1240 tamen
989 1180 1183 1241 iisdem
1209 1203 1320 1243 no-

118 1262 362 1323 minibus
392 1291 413 1335 3
470 1264 550 1325 ita
576 1307 596 1340 3
650 1278 719 1321 ut
786 1262 1109 1322 dicerentur
1149 1267 1322 1340 prinei

120 1345 442 1425 Ramnenses
471 1344 533 1405 δί
545 1344 763 1423 secundi
775 1345 1130 1423 Ramnenses,
1147 1345 1208 1405 &
1238 1344 1320 1406 fic

121 1447 312 1506 porro,
373 1428 596 1487 Servius
621 1447 759 1487 vero
791 1424 992 1485 Tullius
1017 1427 1158 1486 Rex
1184 1427 1318 1486 Ro-

122 1527 421 1567 manorum
449 1506 668 1583 sextus,
686 1528 820 1566 cum
850 1507 1146 1566 Lucerum
1161 1528 1322 1588 prae-

125 1588 293 1668 cipue
319 1587 496 1646 tribus
525 1587 862 1648 immensum
894 1603 1198 1668 augeretur
1225 1603 1320 1648 to·
1398 1598 1400 1601 ’

126 1682 245 1726 tam
272 1668 418 1727 hanc
459 1671 735 1729 rationem
775 1671 1053 1743 mutavit,
1097 1669 1158 1727 &
1198 1669 1328 1726 uni-

126 1748 339 1809 versam
393 1747 622 1808 Urbem
663 1751 723 1807 in
764 1763 1008 1828 quatuor
1043 1791 1065 1822 ,
1121 1768 1326 1828 agrum

129 1849 266 1897 vero
307 1831 644 1889 Romanum
700 1829 760 1886 in
802 1827 1127 1908 quindecim
1153 1871 1174 1904 3
1229 1828 1325 1888 Vel

127 1906 530 1991 septemdecim
590 1909 840 1988 (variant
906 1909 1060 1968 enim
1128 1908 1327 1968 aucto-

128 2012 214 2050 res
242 1992 300 2066 ε)
330 1991 620 2073 portiones
648 1988 835 2050 divisit
851 2018 872 2062 3
891 2011 1128 2072 quarum
1156 2002 1326 2071 quae-

130 2070 262 2135 dam
289 2071 620 2132 dicebantur
632 2069 846 2131 Tribus
864 2073 1133 2148 Urbnnne,
1152 2093 1324 2154 quae-

130 2151 263 2212 dam
291 2155 537 2234 Rusticne
549 2182 573 2228 3
615 2154 694 2214 ita
719 2166 786 2211 ut
812 2152 905 2211 ille
943 2150 1156 2233 tribus,
1187 2172 1332 2233 quae

1249 2253 1327 2294 ex

132 2392 160 2428 a
193 2385 241 2427 V.
278 2380 381 2441 Fest.
413 2393 463 2428 v:
491 2388 539 2429 V.
561 2381 640 2443 sex
679 2379 821 2440 Vestae
863 2379 1114 2429 Sacerdotes.
1170 2377 1201 2427 b
1235 2378 1328 2428 Vid.

197 2451 382 2504 Manat.
413 2447 464 2492 de
491 2448 630 2496 comit.
658 2453 781 2495 Rom.
802 2462 836 2495 c.
856 2459 901 2493 2.
923 2451 970 2491 T.
999 2459 1037 2492 1.
1064 2441 1186 2505 Theſs
1203 2447 1324 2491 Ant.
1377 2472 1381 2476 -

127 2515 133 2524 “
195 2514 248 2556 R.
285 2514 451 2563 Graev.
483 2527 528 2562 n.
558 2509 670 2574 481.
703 2517 768 2575 D·
841 2524 867 2561 c
911 2509 1007 2562 Vid.
1043 2507 1174 2562 Dion·
1219 2505 1325 2565 Hal·

109 2587 111 2590 ⁴
201 2583 275 2623 xv.
308 2588 381 2636 ις.
565 2588 571 2589 ’
