1747 2936
433 102 521 171 74
748 80 1334 145 CoMPENmUM

445 182 715 247 tuebatur
744 208 765 253 3
812 181 875 241 ὃς
918 180 1194 242 Centuria
1220 227 1241 261 ‚
1285 202 1428 265 quae
1466 174 1658 266 priman
1743 244 1747 253 ,

446 266 594 326 sorte
622 262 816 323 exibat
832 308 852 340 ,
898 261 1194 322 diceba-tur
1228 271 1613 346 praerogativa
1627 312 1648 346 ,
1746 277 1747 280 ’

448 361 472 387 ²
511 343 741 428 ejusque
767 344 1100 426 suffragium
1128 348 1362 406 maximi
1391 363 1510 407 erat
1523 370 1651 409 mo-

451 429 632 488 menti
678 427 854 507 (Vid.
912 425 1250 507 exemplum
1303 449 1391 507 ap.
1436 430 1570 490 Liv.
1615 434 1653 489 l.

391 557 394 560 .
453 530 634 570 XXVI.
677 533 717 570 c.
764 511 897 585 22..)
942 507 1093 568 unde
1125 514 1508 587 praerogativa
1548 533 1670 593 pro·

437 598 588 671 stgno
625 592 854 670 futurae
909 593 1203 651 voluntatis
1274 590 1509 672 ponitur
1564 591 1669 673 apq
1745 589 1747 604 ¹

456 673 586 732 Cic.
621 674 689 734 V
681 686 784 732 err.
821 694 871 733 1.
901 697 944 733 c.
976 694 1033 743 9.
1079 671 1140 730 &
1170 674 1423 731 Catonem
1448 675 1525 732 ad
1550 678 1662 734 Cic,

456 756 653 814 Famil.
695 776 792 813 XV.
836 777 887 815 n.
937 775 989 834 ς’.
1036 755 1204 813 Haec
1247 754 1438 834 itaque
1466 776 1498 814 a
1526 756 1664 814 Ma-

457 835 781 917 gistratibus
794 854 998 896 vocata
1025 857 1125 916 per
1143 840 1432 913 ponticulos
1458 836 1484 876 b
1537 835 1666 895 uos·
1742 835 1747 849 ⁴

460 917 591 977 dam
620 919 680 977 in
692 918 937 996 septum,
982 917 1096 978 five
1140 921 1276 976 ovile
1301 932 1321 958 ⁶
1362 932 1488 978 tran
1513 917 1667 995 ibat,
1736 936 1747 954 ι

466 1000 602 1080 (qui
630 1000 792 1059 locus
817 1017 944 1060 erat
963 1001 1022 1060 in
1037 1000 1265 1079 Campo
1284 1000 1505 1059 Martio
1533 1022 1668 1060 can·
1743 1038 1747 1042 ·

467 1080 624 1140 cellis
652 1081 865 1141 clausus
892 1082 952 1160 d,
995 1080 1122 1159 vel,
1165 1079 1208 1140 fi
1236 1080 1345 1140 alio
1376 1081 1510 1141 loco
1545 1082 1668 1142 Co-

468 1164 629 1223 mitia
655 1163 1035 1242 haberentur,
1075 1163 1230 1244 septa
1268 1169 1484 1242 extensts
1512 1163 1671 1243 funi-
1745 1163 1747 1173 '

468 1247 562 1304 bus
588 1244 903 1325 faciebant,
945 1245 1096 1306 unde
1138 1244 1581 1328 περιχοινίὰμὸιτω
1610 1266 1676 1305 ea

472 1343 647 1387 vocat
675 1332 908 1405 Appian.
939 1333 1103 1389 Alex.
1123 1331 1288 1388 Civil.
1316 1348 1336 1387 1
1358 1348 1378 1386 1
1399 1348 1420 1387 1
1438 1376 1448 1386 .
1455 1346 1514 1406 p.
1533 1326 1673 1408 885.
1744 1321 1747 1340 ¹

474 1410 603 1467 edit.
648 1409 838 1484 Tomi)
884 1431 1121 1492 eamque
1173 1409 1438 1489 deinceps
1479 1408 1677 1468 ordine
1746 1419 1747 1422 ’

475 1489 720 1571 reliquae
751 1491 1059 1552 Centuriae
1083 1490 1473 1572 sequebantur.
1545 1489 1677 1550 Tu·
1746 1556 1747 1563 ἵ

477 1570 617 1631 lerat
644 1571 874 1654 quidem
902 1575 975 1635 C.
1007 1573 1307 1633 Gracchus
1346 1573 1534 1653 legem
1551 1616 1571 1649 ,
1613 1587 1682 1632 ut

478 1674 553 1712 ex
609 1654 856 1715 confusis
911 1655 1159 1737 quinque
1227 1651 1482 1713 claffibus
1534 1653 1684 1714 sorte
1742 1650 1747 1700 ῗ

481 1735 791 1797 Centuriae
829 1751 1206 1807 vocarentur3
1251 1734 1345 1796 sed
1387 1756 1513 1795 eam
1555 1756 1684 1816 per-

479 1816 627 1877 ferre
654 1841 773 1879 non
801 1820 1012 1899 potuit.
1098 1831 1121 1857 θ
1162 1819 1243 1877 Et
1270 1816 1410 1877 olim
1452 1816 1686 1899 quidem
1743 1825 1747 1831 '

481 1915 612 1959 ante
654 1902 727 1959 A.
756 1901 839 1962 U.
884 1909 1024 1979 614.
1065 1920 1212 1960 voce
1238 1897 1501 1979 suffragia
1539 1897 1686 1957 fere-

484 1980 659 2058 bant3
705 1981 797 2041 sed
824 1983 938 2041 hoc
980 1982 1199 2063 legibus
1244 1983 1509 2057 Gabinia,
1557 1979 1687 2058 qu-
1737 1976 1745 1994 ¹

470 2069 561 2142 fia
601 2062 650 2140 f,
693 2063 922 2145 aliisque
951 2066 1244 2123 tabellariis
1275 2061 1598 2141 (utPapiria
1612 2062 1687 2121 A.
1733 2085 1737 2092 ·

490 2153 627 2206 622.
659 2144 860 2207 Coelia
888 2145 962 2204 A.
993 2151 1132 2223 646.
1165 2165 1276 2226 qua
1315 2144 1486 2202 etiam
1514 2145 1575 2203 in
1593 2145 1689 2284 jctiij-

493 2389 519 2422 a
550 2374 654 2423 Liv.
675 2388 815 2423 xxxv.
841 2390 876 2422 c.
897 2386 943 2433 7.
983 2373 1014 2422 b
1035 2371 1125 2421 cic.
1142 2371 1204 2418 ad
1222 2374 1329 2418 An.
1352 2385 1391 2418 1.
1413 2387 1458 2418 n.
1481 2385 1526 2433 9.
1573 2378 1691 2418 cLu·

551 2456 651 2487 can.
691 2454 764 2486 11.
801 2438 869 2501 vs.
909 2451 1013 2500 197.
1077 2435 1108 2484 d
1141 2435 1273 2483 ovid.
1306 2435 1419 2497 fast.
1461 2450 1499 2482 ι.
1530 2436 1597 2493 vl.
1621 2449 1692 2498 53.

552 2516 580 2548 e
611 2502 782 2562 Sallust.
864 2503 890 2551 f
916 2503 1010 2551 Vid.
1045 2499 1250 2548 Vaillant.
1285 2499 1331 2548 in
1363 2515 1531 2548 numm.
1549 2498 1702 2565 family

547 2578 666 2633 gemq
695 2565 833 2632 Caffia
859 2584 907 2622 n.
940 2581 988 2622 v.
1006 2565 1098 2632 ςέο.
1118 2565 1167 2618 de
1188 2571 1279 2629 LL.
1299 2579 1405 2632 1112
1423 2580 1459 2616 c.
1484 2562 1558 2616 16.
1671 2564 1682 2568 ”
