1747 2936
294 111 744 186 ANTIQITAT.
787 108 1063 169 ROMAN.
1241 102 1313 192 13

51 239 57 243 ⁴
116 215 355 277 Horatia
379 245 400 290 -,
471 211 533 271 ὃς
588 209 669 270 fic:v
721 208 897 292 porro
930 222 969 269 ².
1070 210 1315 272 Nomen

118 312 305 357 autem
332 292 509 352 tribus
535 290 693 375 saepe
733 309 1002 372 tanquam
1031 309 1317 373 agnomen

117 375 337 455 reliquis
364 373 688 434 nominibus
712 373 968 444 additum
986 388 1052 432 ut
1081 374 1153 434 C.
1172 377 1315 457 Sep-

126 456 316 517 timius
331 455 409 514 T.
427 457 492 514 F.
511 454 774 531 Qirina‚
791 455 885 512 M.
903 455 1132 535 Oppius
1147 457 1223 515 M
1230 458 1295 516 ‚F
1298 504 1314 517 .

119 536 685 596 Terentina.Coelius
700 536 767 595 ad
786 535 1312 617 CiC.Famil.v111.7.

120 618 184 684 &
196 616 499 699 saepiffime
513 615 1314 697 inInscriptionibus‚Instituit

118 715 407 782 praeterea
451 700 674 759 Servius
716 697 1007 757 Tribuum
1022 742 1042 774 ‚
1085 699 1177 758 vel
1204 700 1315 760 Vi-

121 789 327 840 corum
339 778 655 839 Praefecssffis
681 779 727 853 b,
744 779 838 858 qui
854 779 1086 838 nomina
1098 777 1317 857 sexum,

122 869 364 922 aetatem
394 900 414 936 9
470 881 506 917 o
550 879 604 917 es
632 902 652 935 9
696 859 810 918 &C.
854 857 1150 918 tribulium
1188 858 1317 919 suo-

69 945 76 954 ‘
120 965 252 1003 rum
277 941 413 1000 scire
438 880 753 1011 degebanu
798 940 1094 1021 vetuitque
1119 961 1318 1020 quem-

109 1021 112 1025 ’
167 1045 296 1083 uam
325 1043 396 1081 ex
422 1018 696 1096 tribu—sua
719 1019 1049 1103 demigrare.
1118 1022 1322 1083 Postea

125 1046 351 1166 diversis
391 1101 745 1182 temporibus
788 1101 924 1161 aliae
966 1102 1151 1161 adhuc
1181 1103 1322 1162 Tri-

127 1185 231 1245 bus
258 1184 475 1244 additae
500 1183 627 1241 sunt
653 1184 730 1242 ita
752 1197 823 1241 -ut
863 1183 1093 1243 tandem
1119 1184 1324 1266 trigin-

128 1282 187 1326 ta
213 1267 460 1348 quinque
488 1286 728 1324 numero
757 1263 962 1341 essem,
981 1287 1013 1324 a
1037 1266 1176 1324 locis
1203 1265 1323 1346 ple-

123 1368 334 1430 raeque
360 1344 540 1406 dicit-ae
556 1391 575 1423 ‚
617 1362 685 1405 ut
713 1347 997 1406 Stellatina
1013 1391 1033 1423 ‚
1078 1348 1323 1424 Pompti-

132 1451 237 1507 na,
280 1429 393 1488 δερ.
442 1426 604 1506 (Vid.
632 1427 866 1488 Panvin.
897 1427 967 1486 de
1000 1429 1108 1487 civ.
1138 1430 1323 1489 Rom.

134 1530 187 1569 e.
227 1530 276 1568 1.
304 1509 384 1567 T.
410 1529 458 1567 1.
490 1509 724 1582 Graev.)
766 1509 903 1567 Post
928 1507 1144 1568 bellum
1158 1511 1327 1571 Mar-

121 1596 291 1669 ficum
317 1591 442 1648 tota
468 1590 628 1648 Italia
654 1590 882 1648 civitate
922 1590 1130 1649 donata
1158 1589 1329 1666 οᾶο,
1362 1609 1367 1614 ’

138 1669 229 1729 vel
255 1669 454 1727 decem
480 1671 649 1736 etiam
674 1669 810 1728 aliae
837 1670 899 1727 T
903 1666 1060 1728 ribus'
1078 1669 1205 1731 sunt
1230 1670 1328 1728 ad-

131 1749 316 1832 je&ae
344 1763 364 1788 ‘³
380 1793 400 1824 ,
441 1764 640 1807 verum
682 1749 852 1829 paulo
935 1751 1022 1808 ost
1050 1748 1120 1807 ad
1145 1749 1330 1829 pristi-
1404 1813 1409 1818 ,

138 1852 278 1891 num
308 1849 610 1888 numerum
650 1828 775 1887 sunt
814 1771 1065 1888 redpaestae
1090 1828 1132 1886 d.
1216 1831 1329 1889 At-

79 1960 83 1964 .
141 1932 252 1993 que
291 1910 395 1969 hae
447 1907 595 1967 sunt-
628 1908 861 1989 triginta
915 1911 1163 1990 quinque
1203 1909 1330 1970 illae

139 1991 388 2066 Tribus,
431 1990 490 2048 in
518 2001 755 2070 quarum
781 1989 962 2070 aliqua
991 1993 1229 2071 quisque
1249 1992 1332 2050 ci-

130 2074 221 2132 vis
247 2074 578 2147 Romanus,
623 2069 735 2128 five
773 2070 919 2131 intra
945 2116 965 2148 ³
1024 2070 1137 2151 five
1175 2088 1337 2133 extra.

142 2151 370 2214 Urbem
397 2151 627 2233 degeret
642 2195 662 2228 ,
678 2150 883 2211 censeri
895 2151 1151 2212 debebat.
1196 2155 1331 2212 Ma-

139 2260 142 2261 ’
1223 2254 1332 2292 nu-

18 2402 25 2416 ‹
132 2349 173 2428 -a
205 2382 393 2441 Inscript.
439 2391 508 2442 ap.
550 2386 636 2428 On.
670 2388 816 2427 Panv.
843 2379 893 2427 de
923 2390 1004 2438 rep.
1037 2387 1158 2428 Rom.
1190 2394 1225 2426 c.
1254 2393 1333 2440 49.

94 2447 103 2456 ”
211 2444 240 2491 b
273 2446 403 2493 Dion.
425 2443 526 2491 Hal.
552 2459 623 2491 1v.
637 2446 725 2508 seq.
791 2458 816 2490 c
851 2450 900 2491 V.
932 2450 1045 2505 App.
1074 2442 1209 2490 Alex.
1229 2443 1336 2490 civ.

209 2514 262 2557 Ι..
299 2525 339 2557 1.
369 2519 409 2569 p.
452 2508 556 2566 6241.
586 2507 687 2555 edit.
715 2507 816 2556 Tou.
891 2505 921 2556 d
965 2507 1058 2560 rid.
1095 2504 1256 2556 Gruch.
1284 2506 1336 2555 de

212 2574 371 2629 comit.
390 2579 510 2638 Rom.
532 2577 583 2624 L.
605 2588 639 2622 1.
663 2589 697 2621 c.
722 2588 770 2632 4.
1250 2629 1261 2636 s
1302 2628 1388 2664 ,Ἣ
