<?xml version="1.0" encoding="UTF-8"?>
<!DOCTYPE html PUBLIC "-//W3C//DTD XHTML 1.0 Transitional//EN"
    "http://www.w3.org/TR/xhtml1/DTD/xhtml1-transitional.dtd">
<html xmlns="http://www.w3.org/1999/xhtml" xml:lang="en" lang="en">
 <head>
  <title>
</title>
<meta http-equiv="Content-Type" content="text/html;charset=utf-8" />
  <meta name='ocr-system' content='tesseract 3.04.00' />
  <meta name='ocr-capabilities' content='ocr_page ocr_carea ocr_par ocr_line ocrx_word'/>
</head>
<body>
  <div class='ocr_page' id='page_1' title='image "./rituumquiolimapu00nieu_0032.png"; bbox 0 0 1747 2936; ppageno 0'>
   <div class='ocr_carea' id='block_1_1' title="bbox 331 129 1296 192">
    <p class='ocr_par' dir='ltr' id='par_1_1' title="bbox 331 129 1296 192">
     <span class='ocr_line' id='line_1_1' title="bbox 331 129 1296 192; baseline 0 -1"><span class='ocrx_word' id='word_1_1' title='bbox 331 129 423 191; x_wconf 80' lang='lat'><strong>-8</strong></span> <span class='ocrx_word' id='word_1_2' title='bbox 700 129 1296 192; x_wconf 79' lang='lat' dir='ltr'><strong>CoMPENDIUM</strong></span> 
     </span>
    </p>
   </div>
   <div class='ocr_carea' id='block_1_2' title="bbox 76 224 1718 2454">
    <p class='ocr_par' dir='ltr' id='par_1_2' title="bbox 76 224 1719 2454">
     <span class='ocr_line' id='line_1_2' title="bbox 384 224 1700 313; baseline -0.003 -20"><span class='ocrx_word' id='word_1_3' title='bbox 384 253 583 307; x_wconf 83' lang='lat' dir='ltr'><strong>mum,</strong></span> <span class='ocrx_word' id='word_1_4' title='bbox 629 229 708 291; x_wconf 91' lang='lat' dir='ltr'><strong>ob</strong></span> <span class='ocrx_word' id='word_1_5' title='bbox 751 230 900 291; x_wconf 87' lang='lat' dir='ltr'><strong>hanc</strong></span> <span class='ocrx_word' id='word_1_6' title='bbox 941 229 1199 310; x_wconf 80' lang='lat' dir='ltr'><strong>causam,</strong></span> <span class='ocrx_word' id='word_1_7' title='bbox 1246 230 1309 292; x_wconf 84' lang='lat'>&amp;</span> <span class='ocrx_word' id='word_1_8' title='bbox 1348 224 1597 313; x_wconf 82' lang='lat' dir='ltr'><strong>graviss&#39;i-</strong></span> <span class='ocrx_word' id='word_1_9' title='bbox 1685 256 1700 289; x_wconf 57' lang='grc'><strong>’.</strong></span> 
     </span>
     <span class='ocr_line' id='line_1_3' title="bbox 385 311 1703 399; baseline 0.002 -25"><span class='ocrx_word' id='word_1_10' title='bbox 385 335 550 374; x_wconf 89' lang='lat' dir='ltr'><strong>mum</strong></span> <span class='ocrx_word' id='word_1_11' title='bbox 591 312 809 374; x_wconf 88' lang='lat' dir='ltr'><strong>bellum</strong></span> <span class='ocrx_word' id='word_1_12' title='bbox 851 311 963 372; x_wconf 84' lang='lat' dir='ltr'><strong>fuit</strong></span> <span class='ocrx_word' id='word_1_13' title='bbox 1004 332 1142 373; x_wconf 89' lang='lat' dir='ltr'><strong>cum</strong></span> <span class='ocrx_word' id='word_1_14' title='bbox 1182 316 1398 375; x_wconf 74' lang='lat' dir='ltr'><strong>Sabinis</strong></span> <span class='ocrx_word' id='word_1_15' title='bbox 1424 360 1444 392; x_wconf 79' lang='lat'>‚</span> <span class='ocrx_word' id='word_1_16' title='bbox 1503 317 1603 397; x_wconf 87' lang='lat' dir='ltr'><strong>qui</strong></span> <span class='ocrx_word' id='word_1_17' title='bbox 1693 348 1703 399; x_wconf 64' lang='lat'><strong>{³</strong></span> 
     </span>
     <span class='ocr_line' id='line_1_4' title="bbox 384 393 1696 477; baseline 0.002 -23"><span class='ocrx_word' id='word_1_18' title='bbox 384 394 715 477; x_wconf 83' lang='lat' dir='ltr'>proditione</span> <span class='ocrx_word' id='word_1_19' title='bbox 744 395 1001 474; x_wconf 73' lang='lat' dir='ltr'><strong>Tarpejae</strong></span> <span class='ocrx_word' id='word_1_20' title='bbox 1030 394 1118 454; x_wconf 88' lang='lat' dir='ltr'><strong>vir</strong></span> <span class='ocrx_word' id='word_1_21' title='bbox 1160 393 1262 455; x_wconf 87' lang='lat' dir='ltr'><strong>inis</strong></span> <span class='ocrx_word' id='word_1_22' title='bbox 1291 395 1405 476; x_wconf 87' lang='lat' dir='ltr'><strong>(sed</strong></span> <span class='ocrx_word' id='word_1_23' title='bbox 1431 396 1596 477; x_wconf 77' lang='lat' dir='ltr'><strong>vide,</strong></span> <span class='ocrx_word' id='word_1_24' title='bbox 1694 430 1696 434; x_wconf 55' lang='lat'>&gt;</span> 
     </span>
     <span class='ocr_line' id='line_1_5' title="bbox 384 475 1718 560; baseline 0.004 -24"><span class='ocrx_word' id='word_1_25' title='bbox 384 498 528 558; x_wconf 82' lang='lat' dir='ltr'><strong>quae</strong></span> <span class='ocrx_word' id='word_1_26' title='bbox 555 477 627 540; x_wconf 90' lang='lat' dir='ltr'><strong>de</strong></span> <span class='ocrx_word' id='word_1_27' title='bbox 654 479 894 539; x_wconf 87' lang='lat' dir='ltr'><strong>veritate</strong></span> <span class='ocrx_word' id='word_1_28' title='bbox 922 499 993 538; x_wconf 88' lang='lat' dir='ltr'><strong>an</strong></span> <span class='ocrx_word' id='word_1_29' title='bbox 1022 475 1095 537; x_wconf 78' lang='lat' dir='ltr'><strong>fal</strong></span> <span class='ocrx_word' id='word_1_30' title='bbox 1122 490 1263 535; x_wconf 89' lang='lat' dir='ltr'><strong>1tate</strong></span> <span class='ocrx_word' id='word_1_31' title='bbox 1275 476 1443 560; x_wconf 86' lang='lat' dir='ltr'><strong>hujus</strong></span> <span class='ocrx_word' id='word_1_32' title='bbox 1471 502 1596 541; x_wconf 88' lang='lat' dir='ltr'><strong>nar·</strong></span> <span class='ocrx_word' id='word_1_33' title='bbox 1712 477 1718 500; x_wconf 75' lang='lat'>¹</span> 
     </span>
     <span class='ocr_line' id='line_1_6' title="bbox 383 558 1701 638; baseline 0.004 -20"><span class='ocrx_word' id='word_1_34' title='bbox 383 562 616 622; x_wconf 83' lang='lat' dir='ltr'><strong>rationis</strong></span> <span class='ocrx_word' id='word_1_35' title='bbox 658 558 909 621; x_wconf 79' lang='lat' dir='ltr'><strong>diximus</strong></span> <span class='ocrx_word' id='word_1_36' title='bbox 951 561 1010 620; x_wconf 90' lang='lat' dir='ltr'><strong>in</strong></span> <span class='ocrx_word' id='word_1_37' title='bbox 1052 559 1200 638; x_wconf 82' lang='lat' dir='ltr'><em>Hist.</em></span> <span class='ocrx_word' id='word_1_38' title='bbox 1247 560 1400 638; x_wconf 58' lang='grc' dir='ltr'><strong>Κεφ</strong></span> <span class='ocrx_word' id='word_1_39' title='bbox 1433 564 1593 623; x_wconf 82' lang='lat' dir='ltr'><strong>Rom.</strong></span> <span class='ocrx_word' id='word_1_40' title='bbox 1693 589 1701 594; x_wconf 85' lang='grc'><em>·</em></span> 
     </span>
     <span class='ocr_line' id='line_1_7' title="bbox 385 641 1598 720; baseline 0.002 -17"><span class='ocrx_word' id='word_1_41' title='bbox 385 644 457 703; x_wconf 91' lang='lat' dir='ltr'><strong>L.</strong></span> <span class='ocrx_word' id='word_1_42' title='bbox 514 664 562 703; x_wconf 92' lang='lat'><strong>1.</strong></span> <span class='ocrx_word' id='word_1_43' title='bbox 608 667 650 704; x_wconf 87' lang='lat' dir='ltr'><strong>c.</strong></span> <span class='ocrx_word' id='word_1_44' title='bbox 705 662 754 701; x_wconf 89' lang='lat'><strong>1.</strong></span> <span class='ocrx_word' id='word_1_45' title='bbox 800 654 846 714; x_wconf 83' lang='lat'><strong>§.</strong></span> <span class='ocrx_word' id='word_1_46' title='bbox 877 642 974 720; x_wconf 85' lang='lat'><strong>4.)</strong></span> <span class='ocrx_word' id='word_1_47' title='bbox 1019 661 1148 701; x_wconf 87' lang='lat' dir='ltr'><strong>arce</strong></span> <span class='ocrx_word' id='word_1_48' title='bbox 1187 641 1598 705; x_wconf 87' lang='lat' dir='ltr'><strong>Romanorum</strong></span> 
     </span>
     <span class='ocr_line' id='line_1_8' title="bbox 382 721 1598 805; baseline 0.003 -25"><span class='ocrx_word' id='word_1_49' title='bbox 382 723 444 781; x_wconf 90' lang='lat' dir='ltr'><strong>in</strong></span> <span class='ocrx_word' id='word_1_50' title='bbox 472 740 673 784; x_wconf 88' lang='lat' dir='ltr'><strong>monte</strong></span> <span class='ocrx_word' id='word_1_51' title='bbox 704 722 923 803; x_wconf 63' lang='lat' dir='ltr'><strong>Tarpejo</strong></span> <span class='ocrx_word' id='word_1_52' title='bbox 951 723 1124 805; x_wconf 89' lang='lat' dir='ltr'><strong>potiti</strong></span> <span class='ocrx_word' id='word_1_53' title='bbox 1165 721 1352 783; x_wconf 87' lang='lat' dir='ltr'><strong>media</strong></span> <span class='ocrx_word' id='word_1_54' title='bbox 1390 723 1450 784; x_wconf 89' lang='lat' dir='ltr'><strong>in</strong></span> <span class='ocrx_word' id='word_1_55' title='bbox 1475 727 1598 788; x_wconf 87' lang='lat' dir='ltr'><strong>Ur-</strong></span> 
     </span>
     <span class='ocr_line' id='line_1_9' title="bbox 384 803 1599 888; baseline 0.004 -25"><span class='ocrx_word' id='word_1_56' title='bbox 384 803 458 864; x_wconf 90' lang='lat' dir='ltr'><strong>be</strong></span> <span class='ocrx_word' id='word_1_57' title='bbox 499 805 777 887; x_wconf 83' lang='lat' dir='ltr'><strong>praelium</strong></span> <span class='ocrx_word' id='word_1_58' title='bbox 820 826 957 865; x_wconf 89' lang='lat' dir='ltr'><strong>cum</strong></span> <span class='ocrx_word' id='word_1_59' title='bbox 996 806 1061 865; x_wconf 87' lang='lat' dir='ltr'><strong>iis</strong></span> <span class='ocrx_word' id='word_1_60' title='bbox 1105 805 1549 868; x_wconf 85' lang='lat' dir='ltr'><strong>committebant</strong></span> <span class='ocrx_word' id='word_1_61' title='bbox 1576 856 1599 888; x_wconf 77' lang='lat'>‚</span> 
     </span>
     <span class='ocr_line' id='line_1_10' title="bbox 384 889 1598 970; baseline 0.005 -25"><span class='ocrx_word' id='word_1_62' title='bbox 384 907 523 946; x_wconf 89' lang='lat' dir='ltr'><strong>cum</strong></span> <span class='ocrx_word' id='word_1_63' title='bbox 565 902 856 970; x_wconf 84' lang='lat' dir='ltr'><strong>raptarum</strong></span> <span class='ocrx_word' id='word_1_64' title='bbox 901 892 1083 970; x_wconf 87' lang='lat' dir='ltr'><strong>(quae</strong></span> <span class='ocrx_word' id='word_1_65' title='bbox 1102 889 1225 969; x_wconf 87' lang='lat' dir='ltr'><strong>jam</strong></span> <span class='ocrx_word' id='word_1_66' title='bbox 1252 890 1466 949; x_wconf 85' lang='lat' dir='ltr'><strong>maritis</strong></span> <span class='ocrx_word' id='word_1_67' title='bbox 1492 889 1598 951; x_wconf 85' lang='lat' dir='ltr'><strong>fuis</strong></span> 
     </span>
     <span class='ocr_line' id='line_1_11' title="bbox 384 969 1597 1045; baseline 0.005 -17"><span class='ocrx_word' id='word_1_68' title='bbox 384 984 546 1029; x_wconf 87' lang='lat' dir='ltr'><strong>erant</strong></span> <span class='ocrx_word' id='word_1_69' title='bbox 600 969 973 1045; x_wconf 86' lang='lat' dir='ltr'><strong>conciliatae)</strong></span> <span class='ocrx_word' id='word_1_70' title='bbox 1032 969 1427 1031; x_wconf 85' lang='lat' dir='ltr'><strong>interceffione</strong></span> <span class='ocrx_word' id='word_1_71' title='bbox 1523 995 1597 1034; x_wconf 82' lang='lat' dir='ltr'><strong>ax</strong></span> 
     </span>
     <span class='ocr_line' id='line_1_12' title="bbox 307 1051 1596 1130; baseline 0.005 -20"><span class='ocrx_word' id='word_1_72' title='bbox 307 1061 309 1063; x_wconf 83' lang='grc'><strong>’</strong></span> <span class='ocrx_word' id='word_1_73' title='bbox 385 1071 507 1113; x_wconf 88' lang='lat' dir='ltr'><strong>non</strong></span> <span class='ocrx_word' id='word_1_74' title='bbox 533 1066 796 1130; x_wconf 75' lang='lat' dir='ltr'><strong>tantum,</strong></span> <span class='ocrx_word' id='word_1_75' title='bbox 838 1052 932 1112; x_wconf 87' lang='lat' dir='ltr'><strong>sed</strong></span> <span class='ocrx_word' id='word_1_76' title='bbox 974 1051 1037 1112; x_wconf 61' lang='grc' dir='ltr'><strong>ὃς</strong></span> <span class='ocrx_word' id='word_1_77' title='bbox 1076 1051 1442 1114; x_wconf 69' lang='lat' dir='ltr'><strong>ar&amp;iffimum</strong></span> <span class='ocrx_word' id='word_1_78' title='bbox 1497 1077 1596 1116; x_wconf 86' lang='lat' dir='ltr'><strong>oe-</strong></span> 
     </span>
     <span class='ocr_line' id='line_1_13' title="bbox 384 1132 1595 1216; baseline 0.002 -23"><span class='ocrx_word' id='word_1_79' title='bbox 384 1132 490 1194; x_wconf 86' lang='lat' dir='ltr'><strong>dus</strong></span> <span class='ocrx_word' id='word_1_80' title='bbox 516 1135 666 1196; x_wconf 87' lang='lat' dir='ltr'><strong>inter</strong></span> <span class='ocrx_word' id='word_1_81' title='bbox 691 1133 835 1194; x_wconf 86' lang='lat' dir='ltr'><strong>duos</strong></span> <span class='ocrx_word' id='word_1_82' title='bbox 862 1135 967 1195; x_wconf 89' lang='lat' dir='ltr'><strong>hos</strong></span> <span class='ocrx_word' id='word_1_83' title='bbox 982 1134 1231 1216; x_wconf 84' lang='lat' dir='ltr'><strong>populos</strong></span> <span class='ocrx_word' id='word_1_84' title='bbox 1257 1134 1473 1196; x_wconf 61' lang='lat' dir='ltr'><strong>faetum</strong></span> <span class='ocrx_word' id='word_1_85' title='bbox 1489 1137 1595 1216; x_wconf 85' lang='lat' dir='ltr'><strong>est,</strong></span> 
     </span>
     <span class='ocr_line' id='line_1_14' title="bbox 377 1215 1593 1299; baseline 0.005 -24"><span class='ocrx_word' id='word_1_86' title='bbox 377 1215 492 1294; x_wconf 77' lang='lat' dir='ltr'><strong>ita,</strong></span> <span class='ocrx_word' id='word_1_87' title='bbox 535 1233 602 1277; x_wconf 91' lang='lat' dir='ltr'><strong>ut</strong></span> <span class='ocrx_word' id='word_1_88' title='bbox 634 1216 827 1278; x_wconf 82' lang='lat' dir='ltr'><strong>Sabini</strong></span> <span class='ocrx_word' id='word_1_89' title='bbox 871 1232 1166 1299; x_wconf 85' lang='lat' dir='ltr'><strong>quotquot</strong></span> <span class='ocrx_word' id='word_1_90' title='bbox 1206 1217 1420 1279; x_wconf 88' lang='lat' dir='ltr'><strong>vellent</strong></span> <span class='ocrx_word' id='word_1_91' title='bbox 1461 1220 1593 1281; x_wconf 88' lang='lat' dir='ltr'><strong>Ro-</strong></span> 
     </span>
     <span class='ocr_line' id='line_1_15' title="bbox 379 1297 1594 1382; baseline 0.003 -24"><span class='ocrx_word' id='word_1_92' title='bbox 379 1318 536 1359; x_wconf 89' lang='lat' dir='ltr'><strong>mam</strong></span> <span class='ocrx_word' id='word_1_93' title='bbox 591 1301 904 1382; x_wconf 84' lang='lat' dir='ltr'><strong>migrarent</strong></span> <span class='ocrx_word' id='word_1_94' title='bbox 931 1313 953 1340; x_wconf 73' lang='lat'>³</span> <span class='ocrx_word' id='word_1_95' title='bbox 984 1327 1007 1372; x_wconf 99' lang='lat'>3</span> <span class='ocrx_word' id='word_1_96' title='bbox 1053 1297 1212 1360; x_wconf 86' lang='lat' dir='ltr'><strong>Urbs</strong></span> <span class='ocrx_word' id='word_1_97' title='bbox 1251 1320 1284 1358; x_wconf 91' lang='lat' dir='ltr'><strong>a</strong></span> <span class='ocrx_word' id='word_1_98' title='bbox 1324 1302 1594 1363; x_wconf 87' lang='lat' dir='ltr'><strong>Romulo</strong></span> 
     </span>
     <span class='ocr_line' id='line_1_16' title="bbox 375 1380 1593 1462; baseline 0.004 -22"><span class='ocrx_word' id='word_1_99' title='bbox 375 1382 617 1462; x_wconf 85' lang='lat' dir='ltr'><strong>pristino</strong></span> <span class='ocrx_word' id='word_1_100' title='bbox 660 1383 895 1442; x_wconf 87' lang='lat' dir='ltr'><strong>nomine</strong></span> <span class='ocrx_word' id='word_1_101' title='bbox 921 1380 946 1421; x_wconf 73' lang='lat' dir='ltr'>b</span> <span class='ocrx_word' id='word_1_102' title='bbox 989 1384 1168 1442; x_wconf 73' lang='lat' dir='ltr'><strong>Roma</strong></span> <span class='ocrx_word' id='word_1_103' title='bbox 1196 1408 1217 1453; x_wconf 90' lang='lat'>3</span> <span class='ocrx_word' id='word_1_104' title='bbox 1263 1382 1415 1443; x_wconf 79' lang='lat' dir='ltr'><strong>cives</strong></span> <span class='ocrx_word' id='word_1_105' title='bbox 1453 1404 1593 1446; x_wconf 88' lang='lat' dir='ltr'><strong>vero</strong></span> 
     </span>
     <span class='ocr_line' id='line_1_17' title="bbox 295 1463 1591 1549; baseline 0.003 -26"><span class='ocrx_word' id='word_1_106' title='bbox 295 1474 298 1478; x_wconf 87' lang='grc'><strong><em>’</em></strong></span> <span class='ocrx_word' id='word_1_107' title='bbox 377 1465 634 1549; x_wconf 71' lang='lat' dir='ltr'><strong>Qirites</strong></span> <span class='ocrx_word' id='word_1_108' title='bbox 660 1463 1018 1541; x_wconf 67' lang='lat' dir='ltr'><strong>dicerentur,</strong></span> <span class='ocrx_word' id='word_1_109' title='bbox 1061 1463 1153 1524; x_wconf 89' lang='lat' dir='ltr'><strong>vel</strong></span> <span class='ocrx_word' id='word_1_110' title='bbox 1186 1484 1217 1523; x_wconf 89' lang='lat' dir='ltr'><strong>a</strong></span> <span class='ocrx_word' id='word_1_111' title='bbox 1246 1466 1475 1526; x_wconf 79' lang='lat' dir='ltr'><strong>Curibus</strong></span> <span class='ocrx_word' id='word_1_112' title='bbox 1491 1467 1591 1528; x_wconf 88' lang='lat' dir='ltr'><strong>Sa-</strong></span> 
     </span>
     <span class='ocr_line' id='line_1_18' title="bbox 379 1544 1591 1629; baseline 0.001 -24"><span class='ocrx_word' id='word_1_113' title='bbox 379 1544 647 1608; x_wconf 87' lang='lat' dir='ltr'><strong>binorum</strong></span> <span class='ocrx_word' id='word_1_114' title='bbox 692 1546 912 1629; x_wconf 90' lang='lat' dir='ltr'><strong>oppido</strong></span> <span class='ocrx_word' id='word_1_115' title='bbox 927 1574 949 1620; x_wconf 91' lang='lat'>3</span> <span class='ocrx_word' id='word_1_116' title='bbox 994 1546 1121 1624; x_wconf 75' lang='lat' dir='ltr'><strong>vel,</strong></span> <span class='ocrx_word' id='word_1_117' title='bbox 1167 1544 1326 1628; x_wconf 90' lang='lat' dir='ltr'><strong>quod</strong></span> <span class='ocrx_word' id='word_1_118' title='bbox 1369 1550 1529 1607; x_wconf 78' lang='lat' dir='ltr'><strong>Curis</strong></span> <span class='ocrx_word' id='word_1_119' title='bbox 1568 1563 1591 1590; x_wconf 75' lang='lat'>0</span> 
     </span>
     <span class='ocr_line' id='line_1_19' title="bbox 378 1627 1594 1711; baseline 0.001 -21"><span class='ocrx_word' id='word_1_120' title='bbox 378 1628 723 1692; x_wconf 83' lang='lat' dir='ltr'><strong>Sabinorum</strong></span> <span class='ocrx_word' id='word_1_121' title='bbox 751 1630 947 1711; x_wconf 86' lang='lat' dir='ltr'><strong>lingua</strong></span> <span class='ocrx_word' id='word_1_122' title='bbox 972 1629 1181 1708; x_wconf 74' lang='lat' dir='ltr'><strong>hastam</strong></span> <span class='ocrx_word' id='word_1_123' title='bbox 1224 1627 1594 1707; x_wconf 76' lang='lat' dir='ltr'><strong>(fortitudinis</strong></span> 
     </span>
     <span class='ocr_line' id='line_1_20' title="bbox 371 1709 1588 1794; baseline 0.003 -26"><span class='ocrx_word' id='word_1_124' title='bbox 371 1709 734 1790; x_wconf 76' lang='lat' dir='ltr'><strong>symbolum,</strong></span> <span class='ocrx_word' id='word_1_125' title='bbox 776 1728 845 1770; x_wconf 91' lang='lat' dir='ltr'><strong>ut</strong></span> <span class='ocrx_word' id='word_1_126' title='bbox 884 1710 1044 1794; x_wconf 88' lang='lat' dir='ltr'><strong>quod</strong></span> <span class='ocrx_word' id='word_1_127' title='bbox 1084 1711 1459 1792; x_wconf 86' lang='lat' dir='ltr'><strong>praecipuum</strong></span> <span class='ocrx_word' id='word_1_128' title='bbox 1501 1727 1588 1773; x_wconf 94' lang='lat' dir='ltr'><strong>te-</strong></span> 
     </span>
     <span class='ocr_line' id='line_1_21' title="bbox 374 1791 1586 1874; baseline 0.003 -22"><span class='ocrx_word' id='word_1_129' title='bbox 374 1792 568 1854; x_wconf 80' lang='lat' dir='ltr'><strong>lomm</strong></span> <span class='ocrx_word' id='word_1_130' title='bbox 596 1793 737 1854; x_wconf 86' lang='lat' dir='ltr'><strong>olim</strong></span> <span class='ocrx_word' id='word_1_131' title='bbox 765 1793 934 1872; x_wconf 75' lang='lat' dir='ltr'><strong>esset,</strong></span> <span class='ocrx_word' id='word_1_132' title='bbox 977 1791 1107 1854; x_wconf 88' lang='lat' dir='ltr'><strong>vide</strong></span> <span class='ocrx_word' id='word_1_133' title='bbox 1135 1792 1586 1874; x_wconf 81' lang='lat' dir='ltr'><strong>Virg.Aen.X11.</strong></span> 
     </span>
     <span class='ocr_line' id='line_1_22' title="bbox 370 1872 1585 1956; baseline 0.005 -23"><span class='ocrx_word' id='word_1_134' title='bbox 370 1896 426 1934; x_wconf 86' lang='lat' dir='ltr'><strong>v.</strong></span> <span class='ocrx_word' id='word_1_135' title='bbox 475 1876 613 1956; x_wconf 72' lang='lat'>95.)</span> <span class='ocrx_word' id='word_1_136' title='bbox 657 1875 896 1936; x_wconf 87' lang='lat' dir='ltr'><strong>denotet</strong></span> <span class='ocrx_word' id='word_1_137' title='bbox 923 1903 944 1949; x_wconf 94' lang='lat'>3</span> <span class='ocrx_word' id='word_1_138' title='bbox 1007 1872 1349 1935; x_wconf 88' lang='lat' dir='ltr'><strong>Sabinorum</strong></span> <span class='ocrx_word' id='word_1_139' title='bbox 1391 1891 1585 1939; x_wconf 88' lang='lat' dir='ltr'><strong>autem</strong></span> 
     </span>
     <span class='ocr_line' id='line_1_23' title="bbox 368 1956 1583 2040; baseline 0.002 -22"><span class='ocrx_word' id='word_1_140' title='bbox 368 1957 509 2019; x_wconf 81' lang='lat' dir='ltr'><strong>Rex</strong></span> <span class='ocrx_word' id='word_1_141' title='bbox 542 1959 602 2018; x_wconf 75' lang='lat' dir='ltr'><strong>T.</strong></span> <span class='ocrx_word' id='word_1_142' title='bbox 637 1956 824 2018; x_wconf 74' lang='lat' dir='ltr'><strong>Tatius</strong></span> <span class='ocrx_word' id='word_1_143' title='bbox 864 1971 1106 2040; x_wconf 90' lang='lat' dir='ltr'><strong>aequato</strong></span> <span class='ocrx_word' id='word_1_144' title='bbox 1148 1976 1286 2018; x_wconf 87' lang='lat' dir='ltr'><strong>cum</strong></span> <span class='ocrx_word' id='word_1_145' title='bbox 1312 1958 1583 2021; x_wconf 88' lang='lat' dir='ltr'><strong>Romulo</strong></span> 
     </span>
     <span class='ocr_line' id='line_1_24' title="bbox 364 2039 922 2122; baseline 0.004 -25"><span class='ocrx_word' id='word_1_146' title='bbox 364 2039 612 2122; x_wconf 76' lang='lat' dir='ltr'><strong>imperio</strong></span> <span class='ocrx_word' id='word_1_147' title='bbox 640 2056 922 2122; x_wconf 84' lang='lat' dir='ltr'><strong>regnaret.</strong></span> 
     </span>
     <span class='ocr_line' id='line_1_25' title="bbox 78 2121 1579 2204; baseline 0.009 -29"><span class='ocrx_word' id='word_1_148' title='bbox 78 2134 145 2199; x_wconf 63' lang='lat' dir='ltr'><strong>fine</strong></span> <span class='ocrx_word' id='word_1_149' title='bbox 167 2128 313 2180; x_wconf 77' lang='lat' dir='ltr'><strong>:tribu-</strong></span> <span class='ocrx_word' id='word_1_150' title='bbox 448 2133 493 2194; x_wconf 53' lang='grc' dir='ltr'><strong>ᾗ.</strong></span> <span class='ocrx_word' id='word_1_151' title='bbox 526 2123 639 2184; x_wconf 91' lang='grc' dir='ltr'><strong>ΙΙΙ.</strong></span> <span class='ocrx_word' id='word_1_152' title='bbox 684 2121 999 2204; x_wconf 85' lang='lat' dir='ltr'><strong>Postquam</strong></span> <span class='ocrx_word' id='word_1_153' title='bbox 1040 2136 1233 2183; x_wconf 90' lang='lat' dir='ltr'><strong>autem</strong></span> <span class='ocrx_word' id='word_1_154' title='bbox 1260 2123 1401 2183; x_wconf 83' lang='lat' dir='ltr'><strong>Rex</strong></span> <span class='ocrx_word' id='word_1_155' title='bbox 1443 2122 1579 2187; x_wconf 77' lang='lat' dir='ltr'><strong>efl&#39;et</strong></span> 
     </span>
     <span class='ocr_line' id='line_1_26' title="bbox 76 2193 1575 2285; baseline 0.001 -21"><span class='ocrx_word' id='word_1_156' title='bbox 76 2193 167 2244; x_wconf 57' lang='lat'><strong>“²5-</strong></span> <span class='ocrx_word' id='word_1_157' title='bbox 368 2204 713 2266; x_wconf 88' lang='lat' dir='ltr'><strong>constitutus</strong></span> <span class='ocrx_word' id='word_1_158' title='bbox 780 2205 1075 2266; x_wconf 87' lang='lat' dir='ltr'><strong>Romulus</strong></span> <span class='ocrx_word' id='word_1_159' title='bbox 1115 2248 1136 2282; x_wconf 63' lang='lat'>3</span> <span class='ocrx_word' id='word_1_160' title='bbox 1205 2204 1526 2266; x_wconf 87' lang='lat' dir='ltr'><strong>universum</strong></span> <span class='ocrx_word' id='word_1_161' title='bbox 1553 2251 1575 2285; x_wconf 81' lang='lat'>‚</span> 
     </span>
     <span class='ocr_line' id='line_1_27' title="bbox 369 2286 1572 2371; baseline 0.001 -24"><span class='ocrx_word' id='word_1_162' title='bbox 369 2308 542 2368; x_wconf 88' lang='lat' dir='ltr'><strong>quem</strong></span> <span class='ocrx_word' id='word_1_163' title='bbox 570 2286 919 2371; x_wconf 83' lang='lat' dir='ltr'><strong>poffidebat‚</strong></span> <span class='ocrx_word' id='word_1_164' title='bbox 949 2288 974 2328; x_wconf 82' lang='lat'><strong>‘¹</strong></span> <span class='ocrx_word' id='word_1_165' title='bbox 1000 2307 1204 2369; x_wconf 84' lang='lat' dir='ltr'><strong>agrum</strong></span> <span class='ocrx_word' id='word_1_166' title='bbox 1228 2287 1290 2346; x_wconf 88' lang='lat' dir='ltr'><strong>in</strong></span> <span class='ocrx_word' id='word_1_167' title='bbox 1319 2300 1430 2346; x_wconf 89' lang='lat' dir='ltr'><strong>tres</strong></span> <span class='ocrx_word' id='word_1_168' title='bbox 1445 2309 1572 2368; x_wconf 82' lang='lat' dir='ltr'><strong>par-</strong></span> 
     </span>
     <span class='ocr_line' id='line_1_28' title="bbox 369 2367 1572 2454; baseline 0.001 -26"><span class='ocrx_word' id='word_1_169' title='bbox 369 2383 452 2430; x_wconf 84' lang='lat' dir='ltr'><strong>tes</strong></span> <span class='ocrx_word' id='word_1_170' title='bbox 494 2369 683 2433; x_wconf 81' lang='lat' dir='ltr'><strong>divifit</strong></span> <span class='ocrx_word' id='word_1_171' title='bbox 710 2399 733 2445; x_wconf 92' lang='lat'>3</span> <span class='ocrx_word' id='word_1_172' title='bbox 791 2390 1031 2454; x_wconf 87' lang='lat' dir='ltr'><strong>quarum</strong></span> <span class='ocrx_word' id='word_1_173' title='bbox 1087 2388 1199 2428; x_wconf 88' lang='lat' dir='ltr'><strong>una</strong></span> <span class='ocrx_word' id='word_1_174' title='bbox 1252 2367 1572 2430; x_wconf 81' lang='lat' dir='ltr'><strong>ministeriis</strong></span> 
     </span>
    </p>
   </div>
   <div class='ocr_carea' id='block_1_3' title="bbox 1487 2449 1567 2512">
    <p class='ocr_par' dir='ltr' id='par_1_3' title="bbox 1487 2449 1567 2512">
     <span class='ocr_line' id='line_1_29' title="bbox 1487 2449 1567 2512; baseline 0.013 -1"><span class='ocrx_word' id='word_1_175' title='bbox 1487 2449 1567 2512; x_wconf 87' lang='lat' dir='ltr'><strong>sa-</strong></span> 
     </span>
    </p>
   </div>
   <div class='ocr_carea' id='block_1_4' title="bbox 368 2567 1566 2708">
    <p class='ocr_par' dir='ltr' id='par_1_4' title="bbox 368 2567 1566 2708">
     <span class='ocr_line' id='line_1_30' title="bbox 368 2567 1565 2633; baseline -0.005 -9"><span class='ocrx_word' id='word_1_176' title='bbox 368 2587 395 2624; x_wconf 81' lang='lat' dir='ltr'><strong>a</strong></span> <span class='ocrx_word' id='word_1_177' title='bbox 428 2567 562 2619; x_wconf 81' lang='lat' dir='ltr'><strong>Dion.</strong></span> <span class='ocrx_word' id='word_1_178' title='bbox 582 2572 681 2621; x_wconf 78' lang='lat' dir='ltr'><strong>Hal.</strong></span> <span class='ocrx_word' id='word_1_179' title='bbox 707 2586 779 2623; x_wconf 79' lang='lat'><strong>11.</strong></span> <span class='ocrx_word' id='word_1_180' title='bbox 805 2573 882 2633; x_wconf 89' lang='lat'><strong>46.</strong></span> <span class='ocrx_word' id='word_1_181' title='bbox 923 2570 976 2620; x_wconf 87' lang='lat' dir='ltr'><strong>·b</strong></span> <span class='ocrx_word' id='word_1_182' title='bbox 1010 2571 1129 2621; x_wconf 75' lang='lat' dir='ltr'><strong>Pc&#39;ut.</strong></span> <span class='ocrx_word' id='word_1_183' title='bbox 1158 2569 1328 2619; x_wconf 80' lang='lat' dir='ltr'><strong>Romul.</strong></span> <span class='ocrx_word' id='word_1_184' title='bbox 1337 2579 1384 2631; x_wconf 86' lang='lat' dir='ltr'><strong>p.</strong></span> <span class='ocrx_word' id='word_1_185' title='bbox 1406 2580 1481 2630; x_wconf 87' lang='lat'><strong>30.</strong></span> <span class='ocrx_word' id='word_1_186' title='bbox 1499 2573 1565 2618; x_wconf 85' lang='lat' dir='ltr'><strong>A.</strong></span> 
     </span>
     <span class='ocr_line' id='line_1_31' title="bbox 428 2633 1566 2708; baseline -0.004 -20"><span class='ocrx_word' id='word_1_187' title='bbox 428 2646 456 2688; x_wconf 72' lang='grc' dir='ltr'><strong>,ε</strong></span> <span class='ocrx_word' id='word_1_188' title='bbox 488 2634 618 2689; x_wconf 81' lang='lat' dir='ltr'><strong>Dion.</strong></span> <span class='ocrx_word' id='word_1_189' title='bbox 648 2637 755 2708; x_wconf 44' lang='lat' dir='ltr'><strong>Hal!</strong></span> <span class='ocrx_word' id='word_1_190' title='bbox 795 2652 867 2708; x_wconf 62' lang='grc' dir='ltr'><strong>ιιξ</strong></span> <span class='ocrx_word' id='word_1_191' title='bbox 897 2636 975 2702; x_wconf 78' lang='grc'><strong>48,</strong></span> <span class='ocrx_word' id='word_1_192' title='bbox 1042 2636 1074 2688; x_wconf 84' lang='lat' dir='ltr'><strong>d</strong></span> <span class='ocrx_word' id='word_1_193' title='bbox 1114 2635 1247 2691; x_wconf 78' lang='lat' dir='ltr'><em>Dion.</em></span> <span class='ocrx_word' id='word_1_194' title='bbox 1275 2633 1381 2702; x_wconf 65' lang='lat' dir='ltr'><strong>Ha!-</strong></span> <span class='ocrx_word' id='word_1_195' title='bbox 1415 2646 1490 2699; x_wconf 58' lang='grc' dir='ltr'><strong>Π,</strong></span> <span class='ocrx_word' id='word_1_196' title='bbox 1522 2646 1566 2695; x_wconf 89' lang='lat'><strong>7.</strong></span> 
     </span>
    </p>
   </div>
   <div class='ocr_carea' id='block_1_5' title="bbox 1660 0 1737 2936">
    <p class='ocr_par' dir='ltr' id='par_1_5' title="bbox 1660 0 1737 2936">
     <span class='ocr_line' id='line_1_32' title="bbox 1660 0 1737 2936; baseline 0 0"><span class='ocrx_word' id='word_1_197' title='bbox 1660 0 1737 2936; x_wconf 95' lang='lat' dir='ltr'><strong> </strong></span> 
     </span>
    </p>
   </div>
  </div>
 </body>
</html>
