<?xml version="1.0" encoding="UTF-8"?>
<!DOCTYPE html PUBLIC "-//W3C//DTD XHTML 1.0 Transitional//EN"
    "http://www.w3.org/TR/xhtml1/DTD/xhtml1-transitional.dtd">
<html xmlns="http://www.w3.org/1999/xhtml" xml:lang="en" lang="en">
 <head>
  <title>
</title>
<meta http-equiv="Content-Type" content="text/html;charset=utf-8" />
  <meta name='ocr-system' content='tesseract 3.04.00' />
  <meta name='ocr-capabilities' content='ocr_page ocr_carea ocr_par ocr_line ocrx_word'/>
</head>
<body>
  <div class='ocr_page' id='page_1' title='image "./rituumquiolimapu00nieu_0098.png"; bbox 0 0 1747 2936; ppageno 0'>
   <div class='ocr_carea' id='block_1_1' title="bbox 466 108 1361 190">
    <p class='ocr_par' dir='ltr' id='par_1_1' title="bbox 466 108 1361 190">
     <span class='ocr_line' id='line_1_1' title="bbox 466 108 1361 190; baseline 0.002 -19"><span class='ocrx_word' id='word_1_1' title='bbox 466 127 547 190; x_wconf 80' lang='lat'>72</span> <span class='ocrx_word' id='word_1_2' title='bbox 777 108 1361 173; x_wconf 77' lang='lat' dir='ltr'>COMPENDIUM</span> 
     </span>
    </p>
   </div>
   <div class='ocr_carea' id='block_1_2' title="bbox 416 207 1670 2521">
    <p class='ocr_par' dir='ltr' id='par_1_2' title="bbox 416 207 1670 2521">
     <span class='ocr_line' id='line_1_2' title="bbox 463 207 1665 294; baseline 0.007 -26"><span class='ocrx_word' id='word_1_3' title='bbox 463 208 516 269; x_wconf 84' lang='lat' dir='ltr'>sa</span> <span class='ocrx_word' id='word_1_4' title='bbox 543 231 572 267; x_wconf 89' lang='lat' dir='ltr'>a</span> <span class='ocrx_word' id='word_1_5' title='bbox 601 207 1032 290; x_wconf 82' lang='lat' dir='ltr'>Magistratibus</span> <span class='ocrx_word' id='word_1_6' title='bbox 1090 211 1358 293; x_wconf 88' lang='lat' dir='ltr'>cognosci</span> <span class='ocrx_word' id='word_1_7' title='bbox 1403 209 1665 294; x_wconf 78' lang='lat' dir='ltr'>debebat,</span> 
     </span>
     <span class='ocr_line' id='line_1_3' title="bbox 463 289 1663 373; baseline 0.008 -25"><span class='ocrx_word' id='word_1_8' title='bbox 463 311 534 348; x_wconf 89' lang='lat' dir='ltr'>ne</span> <span class='ocrx_word' id='word_1_9' title='bbox 575 311 608 349; x_wconf 85' lang='lat' dir='ltr'>a</span> <span class='ocrx_word' id='word_1_10' title='bbox 647 289 875 369; x_wconf 89' lang='lat' dir='ltr'>Populo</span> <span class='ocrx_word' id='word_1_11' title='bbox 933 291 1176 350; x_wconf 86' lang='lat' dir='ltr'>honores</span> <span class='ocrx_word' id='word_1_12' title='bbox 1216 293 1460 373; x_wconf 72' lang='lat' dir='ltr'>indignis</span> <span class='ocrx_word' id='word_1_13' title='bbox 1503 310 1663 358; x_wconf 61' lang='lat' dir='ltr'>man⁴</span> 
     </span>
     <span class='ocr_line' id='line_1_4' title="bbox 459 369 1661 448; baseline 0.007 -19"><span class='ocrx_word' id='word_1_14' title='bbox 459 369 726 432; x_wconf 84' lang='lat' dir='ltr'>darentur</span> <span class='ocrx_word' id='word_1_15' title='bbox 756 400 776 444; x_wconf 81' lang='lat'><em>3</em></span> <span class='ocrx_word' id='word_1_16' title='bbox 837 392 906 431; x_wconf 84' lang='lat' dir='ltr'>an</span> <span class='ocrx_word' id='word_1_17' title='bbox 933 416 953 448; x_wconf 77' lang='grc'>,</span> <span class='ocrx_word' id='word_1_18' title='bbox 1012 369 1226 430; x_wconf 77' lang='lat' dir='ltr'>scilicet</span> <span class='ocrx_word' id='word_1_19' title='bbox 1253 416 1275 448; x_wconf 81' lang='lat'>,</span> <span class='ocrx_word' id='word_1_20' title='bbox 1316 375 1486 434; x_wconf 88' lang='lat' dir='ltr'>etiam</span> <span class='ocrx_word' id='word_1_21' title='bbox 1533 391 1661 439; x_wconf 81' lang='lat' dir='ltr'>tum</span> 
     </span>
     <span class='ocr_line' id='line_1_5' title="bbox 455 451 1656 538; baseline 0.005 -27"><span class='ocrx_word' id='word_1_22' title='bbox 455 453 703 514; x_wconf 86' lang='lat' dir='ltr'>minores</span> <span class='ocrx_word' id='word_1_23' title='bbox 746 453 919 514; x_wconf 79' lang='lat' dir='ltr'>effent</span> <span class='ocrx_word' id='word_1_24' title='bbox 963 451 1266 513; x_wconf 73' lang='lat' dir='ltr'>Candidati</span> <span class='ocrx_word' id='word_1_25' title='bbox 1297 481 1318 524; x_wconf 77' lang='lat'>3</span> <span class='ocrx_word' id='word_1_26' title='bbox 1363 477 1433 516; x_wconf 87' lang='lat' dir='ltr'>an</span> <span class='ocrx_word' id='word_1_27' title='bbox 1466 456 1656 538; x_wconf 81' lang='lat' dir='ltr'>publi-</span> 
     </span>
     <span class='ocr_line' id='line_1_6' title="bbox 456 534 1657 616; baseline 0.007 -25"><span class='ocrx_word' id='word_1_28' title='bbox 456 554 529 593; x_wconf 89' lang='lat' dir='ltr'>co</span> <span class='ocrx_word' id='word_1_29' title='bbox 559 580 578 610; x_wconf 86' lang='lat'><strong>‚</strong></span> <span class='ocrx_word' id='word_1_30' title='bbox 634 536 724 598; x_wconf 79' lang='lat' dir='ltr'>vel</span> <span class='ocrx_word' id='word_1_31' title='bbox 783 537 938 616; x_wconf 82' lang='lat' dir='ltr'>turpi</span> <span class='ocrx_word' id='word_1_32' title='bbox 992 534 1214 616; x_wconf 87' lang='lat' dir='ltr'>judicio</span> <span class='ocrx_word' id='word_1_33' title='bbox 1272 539 1502 614; x_wconf 79' lang='lat' dir='ltr'>notati,</span> <span class='ocrx_word' id='word_1_34' title='bbox 1560 556 1657 600; x_wconf 85' lang='lat' dir='ltr'>aut</span> 
     </span>
     <span class='ocr_line' id='line_1_7' title="bbox 457 614 1654 696; baseline 0.008 -24"><span class='ocrx_word' id='word_1_35' title='bbox 457 617 702 676; x_wconf 84' lang='lat' dir='ltr'>ambitus</span> <span class='ocrx_word' id='word_1_36' title='bbox 731 616 980 676; x_wconf 84' lang='lat' dir='ltr'>damnati</span> <span class='ocrx_word' id='word_1_37' title='bbox 1005 662 1026 694; x_wconf 66' lang='lat' dir='ltr'>a</span> <span class='ocrx_word' id='word_1_38' title='bbox 1086 616 1178 676; x_wconf 85' lang='lat' dir='ltr'>vel</span> <span class='ocrx_word' id='word_1_39' title='bbox 1218 614 1462 696; x_wconf 87' lang='lat' dir='ltr'>denique</span> <span class='ocrx_word' id='word_1_40' title='bbox 1486 640 1557 679; x_wconf 89' lang='lat' dir='ltr'>an</span> <span class='ocrx_word' id='word_1_41' title='bbox 1584 643 1654 680; x_wconf 92' lang='lat' dir='ltr'>eo</span> 
     </span>
     <span class='ocr_line' id='line_1_8' title="bbox 458 697 1654 780; baseline 0.006 -26"><span class='ocrx_word' id='word_1_42' title='bbox 458 712 720 777; x_wconf 77' lang='lat' dir='ltr'>tempore</span> <span class='ocrx_word' id='word_1_43' title='bbox 747 699 992 757; x_wconf 83' lang='lat' dir='ltr'>criminis</span> <span class='ocrx_word' id='word_1_44' title='bbox 1031 697 1264 778; x_wconf 80' lang='lat' dir='ltr'>alicujus</span> <span class='ocrx_word' id='word_1_45' title='bbox 1303 699 1381 756; x_wconf 83' lang='lat' dir='ltr'>rei</span> <span class='ocrx_word' id='word_1_46' title='bbox 1423 719 1654 780; x_wconf 84' lang='lat' dir='ltr'>ageren-</span> 
     </span>
     <span class='ocr_line' id='line_1_9' title="bbox 457 778 1651 856; baseline 0.006 -20"><span class='ocrx_word' id='word_1_47' title='bbox 457 792 566 837; x_wconf 80' lang='lat' dir='ltr'>tur.</span> <span class='ocrx_word' id='word_1_48' title='bbox 652 778 835 856; x_wconf 81' lang='lat' dir='ltr'>Qod</span> <span class='ocrx_word' id='word_1_49' title='bbox 877 779 919 838; x_wconf 88' lang='lat' dir='ltr'>fi</span> <span class='ocrx_word' id='word_1_50' title='bbox 962 802 1134 840; x_wconf 70' lang='lat' dir='ltr'>eorum</span> <span class='ocrx_word' id='word_1_51' title='bbox 1175 782 1430 838; x_wconf 72' lang='lat' dir='ltr'>rationem</span> <span class='ocrx_word' id='word_1_52' title='bbox 1456 782 1651 843; x_wconf 66' lang='lat' dir='ltr'>louhen-</span> 
     </span>
     <span class='ocr_line' id='line_1_10' title="bbox 453 858 1650 942; baseline 0.005 -23"><span class='ocrx_word' id='word_1_53' title='bbox 453 863 578 920; x_wconf 70' lang='lat' dir='ltr'>dam</span> <span class='ocrx_word' id='word_1_54' title='bbox 606 861 713 919; x_wconf 80' lang='lat' dir='ltr'>effe</span> <span class='ocrx_word' id='word_1_55' title='bbox 728 863 892 942; x_wconf 82' lang='lat' dir='ltr'>Magi</span> <span class='ocrx_word' id='word_1_56' title='bbox 901 862 1095 921; x_wconf 84' lang='lat' dir='ltr'>stratus</span> <span class='ocrx_word' id='word_1_57' title='bbox 1126 858 1453 920; x_wconf 69' lang='lat' dir='ltr'>censuissent</span> <span class='ocrx_word' id='word_1_58' title='bbox 1483 867 1506 940; x_wconf 82' lang='grc'><strong><em>&lt;</em></strong></span> <span class='ocrx_word' id='word_1_59' title='bbox 1519 884 1650 925; x_wconf 83' lang='lat' dir='ltr'>nam</span> 
     </span>
     <span class='ocr_line' id='line_1_11' title="bbox 447 947 1662 1022; baseline -0.001 -20"><span class='ocrx_word' id='word_1_60' title='bbox 447 959 716 1022; x_wconf 80' lang='lat' dir='ltr'>poterant</span> <span class='ocrx_word' id='word_1_61' title='bbox 743 965 941 1002; x_wconf 74' lang='lat' dir='ltr'>eorum</span> <span class='ocrx_word' id='word_1_62' title='bbox 957 949 1165 1003; x_wconf 70' lang='lat' dir='ltr'>nomino</span> <span class='ocrx_word' id='word_1_63' title='bbox 1193 963 1311 1000; x_wconf 85' lang='lat' dir='ltr'>non</span> <span class='ocrx_word' id='word_1_64' title='bbox 1339 948 1560 1020; x_wconf 71' lang='lat' dir='ltr'>recipere</span> <span class='ocrx_word' id='word_1_65' title='bbox 1600 947 1662 1020; x_wconf 52' lang='grc' dir='ltr'>ἃ)</span> 
     </span>
     <span class='ocr_line' id='line_1_12' title="bbox 447 1024 1647 1106; baseline 0.003 -24"><span class='ocrx_word' id='word_1_66' title='bbox 447 1041 574 1083; x_wconf 81' lang='lat' dir='ltr'>tum</span> <span class='ocrx_word' id='word_1_67' title='bbox 642 1025 701 1083; x_wconf 86' lang='lat' dir='ltr'>hi</span> <span class='ocrx_word' id='word_1_68' title='bbox 759 1025 1058 1085; x_wconf 77' lang='lat' dir='ltr'>Candidati</span> <span class='ocrx_word' id='word_1_69' title='bbox 1111 1045 1213 1106; x_wconf 77' lang='lat' dir='ltr'>per</span> <span class='ocrx_word' id='word_1_70' title='bbox 1254 1024 1647 1086; x_wconf 79' lang='lat' dir='ltr'>trinundinum</span> 
     </span>
     <span class='ocr_line' id='line_1_13' title="bbox 446 1104 1644 1187; baseline 0.002 -23"><span class='ocrx_word' id='word_1_71' title='bbox 446 1105 473 1144; x_wconf 72' lang='lat'>¹²</span> <span class='ocrx_word' id='word_1_72' title='bbox 501 1107 791 1187; x_wconf 83' lang='lat' dir='ltr'>Populum</span> <span class='ocrx_word' id='word_1_73' title='bbox 825 1107 1142 1185; x_wconf 73' lang='lat' dir='ltr'><em>prensabant</em></span> <span class='ocrx_word' id='word_1_74' title='bbox 1170 1150 1190 1181; x_wconf 64' lang='lat'>9</span> <span class='ocrx_word' id='word_1_75' title='bbox 1235 1104 1349 1164; x_wconf 88' lang='lat' dir='ltr'>hoc</span> <span class='ocrx_word' id='word_1_76' title='bbox 1392 1107 1507 1182; x_wconf 77' lang='lat' dir='ltr'>est,</span> <span class='ocrx_word' id='word_1_77' title='bbox 1552 1108 1644 1167; x_wconf 81' lang='lat' dir='ltr'>loo-</span> 
     </span>
     <span class='ocr_line' id='line_1_14' title="bbox 445 1189 1645 1266; baseline 0.003 -22"><span class='ocrx_word' id='word_1_78' title='bbox 445 1192 644 1247; x_wconf 71' lang='lat' dir='ltr'>minnm</span> <span class='ocrx_word' id='word_1_79' title='bbox 674 1192 942 1248; x_wconf 62' lang='lat' dir='ltr'>obviorum</span> <span class='ocrx_word' id='word_1_80' title='bbox 994 1209 1179 1247; x_wconf 69' lang='lat' dir='ltr'>monus</span> <span class='ocrx_word' id='word_1_81' title='bbox 1222 1189 1645 1266; x_wconf 70' lang='lat' dir='ltr'><em>prehendebant‚</em></span> 
     </span>
     <span class='ocr_line' id='line_1_15' title="bbox 445 1268 1640 1352; baseline 0.002 -25"><span class='ocrx_word' id='word_1_82' title='bbox 445 1291 655 1352; x_wconf 79' lang='lat' dir='ltr'>eosque</span> <span class='ocrx_word' id='word_1_83' title='bbox 683 1271 863 1329; x_wconf 87' lang='lat' dir='ltr'>amice</span> <span class='ocrx_word' id='word_1_84' title='bbox 893 1268 1312 1352; x_wconf 74' lang='lat' dir='ltr'>compellabant</span> <span class='ocrx_word' id='word_1_85' title='bbox 1327 1296 1348 1340; x_wconf 78' lang='lat'>3</span> <span class='ocrx_word' id='word_1_86' title='bbox 1393 1270 1544 1329; x_wconf 84' lang='lat' dir='ltr'>unde</span> <span class='ocrx_word' id='word_1_87' title='bbox 1559 1272 1640 1349; x_wconf 76' lang='lat' dir='ltr'>of-</span> 
     </span>
     <span class='ocr_line' id='line_1_16' title="bbox 428 1351 1640 1432; baseline 0.002 -23"><span class='ocrx_word' id='word_1_88' title='bbox 428 1353 802 1432; x_wconf 72' lang='lat' dir='ltr'>ficlostffimam</span> <span class='ocrx_word' id='word_1_89' title='bbox 817 1357 1075 1411; x_wconf 66' lang='lat' dir='ltr'>notionem</span> <span class='ocrx_word' id='word_1_90' title='bbox 1094 1356 1139 1411; x_wconf 95' lang='lat' dir='ltr'><em>C</em></span> <span class='ocrx_word' id='word_1_91' title='bbox 1139 1351 1511 1411; x_wconf 67' lang='lat' dir='ltr'>ondidotorom</span> <span class='ocrx_word' id='word_1_92' title='bbox 1526 1352 1640 1411; x_wconf 90' lang='lat' dir='ltr'>ele-</span> 
     </span>
     <span class='ocr_line' id='line_1_17' title="bbox 443 1433 1635 1513; baseline 0.002 -22"><span class='ocrx_word' id='word_1_93' title='bbox 443 1451 645 1513; x_wconf 83' lang='lat' dir='ltr'>ganter</span> <span class='ocrx_word' id='word_1_94' title='bbox 685 1433 825 1492; x_wconf 80' lang='lat' dir='ltr'>dicit</span> <span class='ocrx_word' id='word_1_95' title='bbox 867 1434 1078 1494; x_wconf 84' lang='lat' dir='ltr'>Cicero</span> <span class='ocrx_word' id='word_1_96' title='bbox 1121 1447 1255 1493; x_wconf 75' lang='lat' dir='ltr'>orat.</span> <span class='ocrx_word' id='word_1_97' title='bbox 1297 1435 1353 1489; x_wconf 80' lang='lat' dir='ltr'>in</span> <span class='ocrx_word' id='word_1_98' title='bbox 1379 1433 1561 1509; x_wconf 76' lang='lat' dir='ltr'>Pison.</span> <span class='ocrx_word' id='word_1_99' title='bbox 1592 1457 1635 1493; x_wconf 84' lang='lat' dir='ltr'>c.</span> 
     </span>
     <span class='ocr_line' id='line_1_18' title="bbox 440 1514 1636 1596; baseline 0.001 -24"><span class='ocrx_word' id='word_1_100' title='bbox 440 1533 538 1594; x_wconf 77' lang='lat'>23.</span> <span class='ocrx_word' id='word_1_101' title='bbox 585 1530 606 1555; x_wconf 79' lang='lat'><strong><em>⁶</em></strong></span> <span class='ocrx_word' id='word_1_102' title='bbox 636 1516 697 1574; x_wconf 82' lang='lat'>&amp;</span> <span class='ocrx_word' id='word_1_103' title='bbox 724 1515 839 1573; x_wconf 89' lang='lat' dir='ltr'>hoc</span> <span class='ocrx_word' id='word_1_104' title='bbox 862 1517 982 1596; x_wconf 84' lang='lat' dir='ltr'>jam</span> <span class='ocrx_word' id='word_1_105' title='bbox 1009 1514 1239 1574; x_wconf 87' lang='lat' dir='ltr'>biennio</span> <span class='ocrx_word' id='word_1_106' title='bbox 1268 1527 1397 1571; x_wconf 86' lang='lat' dir='ltr'>ante</span> <span class='ocrx_word' id='word_1_107' title='bbox 1437 1535 1636 1574; x_wconf 73' lang='lat' dir='ltr'>annum</span> 
     </span>
     <span class='ocr_line' id='line_1_19' title="bbox 416 1594 1627 1675; baseline 0 -21"><span class='ocrx_word' id='word_1_108' title='bbox 416 1596 584 1675; x_wconf 63' lang='lat' dir='ltr'>filum</span> <span class='ocrx_word' id='word_1_109' title='bbox 598 1595 879 1656; x_wconf 86' lang='lat' dir='ltr'>faciebant</span> <span class='ocrx_word' id='word_1_110' title='bbox 894 1596 1192 1655; x_wconf 78' lang='lat' dir='ltr'>occasione</span> <span class='ocrx_word' id='word_1_111' title='bbox 1210 1594 1627 1670; x_wconf 76' lang='lat' dir='ltr'>Comitiorum3</span> 
     </span>
     <span class='ocr_line' id='line_1_20' title="bbox 427 1675 1670 1759; baseline 0.003 -25"><span class='ocrx_word' id='word_1_112' title='bbox 427 1693 485 1735; x_wconf 83' lang='lat' dir='ltr'>at</span> <span class='ocrx_word' id='word_1_113' title='bbox 541 1700 689 1738; x_wconf 86' lang='lat' dir='ltr'>anno</span> <span class='ocrx_word' id='word_1_114' title='bbox 759 1677 992 1737; x_wconf 90' lang='lat' dir='ltr'>demum</span> <span class='ocrx_word' id='word_1_115' title='bbox 1034 1677 1296 1759; x_wconf 85' lang='lat' dir='ltr'>sequente</span> <span class='ocrx_word' id='word_1_116' title='bbox 1338 1675 1627 1756; x_wconf 84' lang='lat' dir='ltr'>petebant.</span> <span class='ocrx_word' id='word_1_117' title='bbox 1662 1734 1670 1743; x_wconf 79' lang='grc'>,.</span> 
     </span>
     <span class='ocr_line' id='line_1_21' title="bbox 425 1757 1624 1820; baseline 0 -1"><span class='ocrx_word' id='word_1_118' title='bbox 425 1757 451 1795; x_wconf 69' lang='lat'>‘³</span> <span class='ocrx_word' id='word_1_119' title='bbox 488 1760 645 1820; x_wconf 92' lang='lat' dir='ltr'>Cum</span> <span class='ocrx_word' id='word_1_120' title='bbox 700 1758 814 1818; x_wconf 87' lang='lat' dir='ltr'>dies</span> <span class='ocrx_word' id='word_1_121' title='bbox 858 1758 1251 1818; x_wconf 84' lang='lat' dir='ltr'>Comitiorum</span> <span class='ocrx_word' id='word_1_122' title='bbox 1292 1757 1524 1818; x_wconf 82' lang='lat' dir='ltr'>venisset</span> <span class='ocrx_word' id='word_1_123' title='bbox 1566 1781 1624 1819; x_wconf 85' lang='lat' dir='ltr'>a-</span> 
     </span>
     <span class='ocr_line' id='line_1_22' title="bbox 426 1837 1625 1922; baseline 0.003 -23"><span class='ocrx_word' id='word_1_124' title='bbox 426 1841 609 1900; x_wconf 83' lang='lat' dir='ltr'>:micos</span> <span class='ocrx_word' id='word_1_125' title='bbox 652 1839 919 1921; x_wconf 85' lang='lat' dir='ltr'>quosdam</span> <span class='ocrx_word' id='word_1_126' title='bbox 947 1885 966 1916; x_wconf 83' lang='grc'>,</span> <span class='ocrx_word' id='word_1_127' title='bbox 1026 1841 1123 1922; x_wconf 89' lang='lat' dir='ltr'>qui</span> <span class='ocrx_word' id='word_1_128' title='bbox 1177 1837 1408 1921; x_wconf 78' lang='lat' dir='ltr'>gratiosi</span> <span class='ocrx_word' id='word_1_129' title='bbox 1449 1841 1625 1902; x_wconf 82' lang='lat' dir='ltr'>effent</span> 
     </span>
     <span class='ocr_line' id='line_1_23' title="bbox 425 1920 1624 2003; baseline 0 -21"><span class='ocrx_word' id='word_1_130' title='bbox 425 1922 578 2003; x_wconf 85' lang='lat' dir='ltr'>apud</span> <span class='ocrx_word' id='word_1_131' title='bbox 600 1995 605 2003; x_wconf 94' lang='lat'>.</span> <span class='ocrx_word' id='word_1_132' title='bbox 631 1921 921 2001; x_wconf 86' lang='lat' dir='ltr'>Populum</span> <span class='ocrx_word' id='word_1_133' title='bbox 962 1920 1151 1980; x_wconf 90' lang='lat' dir='ltr'>secum</span> <span class='ocrx_word' id='word_1_134' title='bbox 1206 1921 1475 1980; x_wconf 84' lang='lat' dir='ltr'>habentes</span> <span class='ocrx_word' id='word_1_135' title='bbox 1487 1965 1507 1997; x_wconf 81' lang='grc'>,</span> <span class='ocrx_word' id='word_1_136' title='bbox 1553 1923 1624 1982; x_wconf 86' lang='lat' dir='ltr'>ab</span> 
     </span>
     <span class='ocr_line' id='line_1_24' title="bbox 422 2000 1620 2086; baseline 0.001 -24"><span class='ocrx_word' id='word_1_137' title='bbox 422 2003 594 2086; x_wconf 84' lang='lat' dir='ltr'>iisque</span> <span class='ocrx_word' id='word_1_138' title='bbox 624 2005 681 2062; x_wconf 87' lang='lat' dir='ltr'>in</span> <span class='ocrx_word' id='word_1_139' title='bbox 711 2023 979 2083; x_wconf 87' lang='lat' dir='ltr'>campum</span> <span class='ocrx_word' id='word_1_140' title='bbox 1008 2000 1234 2061; x_wconf 61' lang='lat' dir='ltr'>deducti</span> <span class='ocrx_word' id='word_1_141' title='bbox 1277 2017 1298 2042; x_wconf 77' lang='lat'>0</span> <span class='ocrx_word' id='word_1_142' title='bbox 1335 2001 1620 2063; x_wconf 76' lang='lat' dir='ltr'>Candida-</span> 
     </span>
     <span class='ocr_line' id='line_1_25' title="bbox 423 2082 1619 2165; baseline 0 -21"><span class='ocrx_word' id='word_1_143' title='bbox 423 2086 469 2144; x_wconf 74' lang='lat' dir='ltr'>ti</span> <span class='ocrx_word' id='word_1_144' title='bbox 510 2087 571 2144; x_wconf 87' lang='lat' dir='ltr'>in</span> <span class='ocrx_word' id='word_1_145' title='bbox 614 2089 755 2144; x_wconf 83' lang='lat' dir='ltr'>Colle</span> <span class='ocrx_word' id='word_1_146' title='bbox 794 2087 1145 2144; x_wconf 72' lang='lat' dir='ltr'>Hortulorum</span> <span class='ocrx_word' id='word_1_147' title='bbox 1172 2128 1191 2159; x_wconf 75' lang='lat'>‚</span> <span class='ocrx_word' id='word_1_148' title='bbox 1289 2082 1346 2141; x_wconf 90' lang='lat' dir='ltr'>ui</span> <span class='ocrx_word' id='word_1_149' title='bbox 1391 2083 1619 2165; x_wconf 87' lang='lat' dir='ltr'>Campo</span> 
     </span>
     <span class='ocr_line' id='line_1_26' title="bbox 424 2161 1621 2243; baseline -0.001 -16"><span class='ocrx_word' id='word_1_150' title='bbox 424 2167 647 2227; x_wconf 65' lang='lat' dir='ltr'>={Martio</span> <span class='ocrx_word' id='word_1_151' title='bbox 675 2164 1007 2225; x_wconf 86' lang='lat' dir='ltr'>imminebat</span> <span class='ocrx_word' id='word_1_152' title='bbox 1033 2211 1054 2243; x_wconf 80' lang='lat'>‚</span> <span class='ocrx_word' id='word_1_153' title='bbox 1097 2163 1252 2225; x_wconf 87' lang='lat' dir='ltr'>confi</span> <span class='ocrx_word' id='word_1_154' title='bbox 1304 2161 1507 2238; x_wconf 80' lang='lat' dir='ltr'>ebant3</span> <span class='ocrx_word' id='word_1_155' title='bbox 1554 2183 1621 2226; x_wconf 87' lang='lat' dir='ltr'>ut</span> 
     </span>
     <span class='ocr_line' id='line_1_27' title="bbox 1378 2249 1618 2311; baseline 0.025 -6"><span class='ocrx_word' id='word_1_156' title='bbox 1378 2265 1383 2271; x_wconf 87' lang='lat'><em>·</em></span> <span class='ocrx_word' id='word_1_157' title='bbox 1539 2249 1618 2311; x_wconf 80' lang='lat' dir='ltr'>ita</span> 
     </span>
     <span class='ocr_line' id='line_1_28' title="bbox 423 2329 1613 2392; baseline 0 -12"><span class='ocrx_word' id='word_1_158' title='bbox 423 2344 446 2380; x_wconf 68' lang='grc' dir='ltr'><strong>ἓ</strong></span> <span class='ocrx_word' id='word_1_159' title='bbox 491 2329 584 2377; x_wconf 76' lang='lat' dir='ltr'>Vid.</span> <span class='ocrx_word' id='word_1_160' title='bbox 626 2330 783 2390; x_wconf 77' lang='lat' dir='ltr'>elegans</span> <span class='ocrx_word' id='word_1_161' title='bbox 824 2330 1062 2392; x_wconf 84' lang='lat' dir='ltr'>exemplum</span> <span class='ocrx_word' id='word_1_162' title='bbox 1108 2340 1176 2387; x_wconf 78' lang='lat' dir='ltr'>ap.</span> <span class='ocrx_word' id='word_1_163' title='bbox 1231 2329 1324 2378; x_wconf 80' lang='lat' dir='ltr'>Val.</span> <span class='ocrx_word' id='word_1_164' title='bbox 1380 2336 1510 2379; x_wconf 82' lang='lat' dir='ltr'><strong><em>Max.</em></strong></span> <span class='ocrx_word' id='word_1_165' title='bbox 1557 2338 1613 2381; x_wconf 87' lang='lat' dir='ltr'>L.</span> 
     </span>
     <span class='ocr_line' id='line_1_29' title="bbox 486 2394 1612 2457; baseline 0.003 -17"><span class='ocrx_word' id='word_1_166' title='bbox 486 2408 589 2441; x_wconf 87' lang='lat'>111.</span> <span class='ocrx_word' id='word_1_167' title='bbox 617 2411 650 2442; x_wconf 87' lang='lat' dir='ltr'>c.</span> <span class='ocrx_word' id='word_1_168' title='bbox 672 2394 716 2443; x_wconf 82' lang='lat'>8.</span> <span class='ocrx_word' id='word_1_169' title='bbox 740 2411 786 2444; x_wconf 85' lang='lat' dir='ltr'>n.</span> <span class='ocrx_word' id='word_1_170' title='bbox 814 2408 856 2457; x_wconf 87' lang='lat'>3.</span> <span class='ocrx_word' id='word_1_171' title='bbox 922 2395 950 2441; x_wconf 94' lang='lat' dir='ltr'>b</span> <span class='ocrx_word' id='word_1_172' title='bbox 985 2394 1073 2442; x_wconf 85' lang='lat' dir='ltr'>Cic.</span> <span class='ocrx_word' id='word_1_173' title='bbox 1095 2395 1157 2440; x_wconf 88' lang='lat' dir='ltr'>ad</span> <span class='ocrx_word' id='word_1_174' title='bbox 1183 2394 1461 2441; x_wconf 84' lang='lat' dir='ltr'>Famil.xv1.</span> <span class='ocrx_word' id='word_1_175' title='bbox 1481 2409 1612 2444; x_wconf 86' lang='lat' dir='ltr'><em>n.12.</em></span> 
     </span>
     <span class='ocr_line' id='line_1_30' title="bbox 478 2458 1610 2521; baseline 0.002 -18"><span class='ocrx_word' id='word_1_176' title='bbox 478 2472 503 2503; x_wconf 87' lang='lat' dir='ltr'>c</span> <span class='ocrx_word' id='word_1_177' title='bbox 538 2464 593 2504; x_wconf 85' lang='lat' dir='ltr'>Et</span> <span class='ocrx_word' id='word_1_178' title='bbox 609 2470 684 2520; x_wconf 87' lang='lat' dir='ltr'>pro</span> <span class='ocrx_word' id='word_1_179' title='bbox 720 2466 898 2507; x_wconf 83' lang='lat' dir='ltr'>Muren.</span> <span class='ocrx_word' id='word_1_180' title='bbox 929 2475 960 2505; x_wconf 88' lang='lat' dir='ltr'>c.</span> <span class='ocrx_word' id='word_1_181' title='bbox 995 2471 1069 2521; x_wconf 86' lang='lat'>33.</span> <span class='ocrx_word' id='word_1_182' title='bbox 1139 2459 1168 2506; x_wconf 94' lang='lat' dir='ltr'>d</span> <span class='ocrx_word' id='word_1_183' title='bbox 1205 2458 1295 2506; x_wconf 63' lang='lat' dir='ltr'><em>Vici.</em></span> <span class='ocrx_word' id='word_1_184' title='bbox 1334 2465 1518 2505; x_wconf 81' lang='lat' dir='ltr'><em>Manat.</em></span> <span class='ocrx_word' id='word_1_185' title='bbox 1550 2460 1610 2505; x_wconf 78' lang='lat' dir='ltr'>ad</span> 
     </span>
    </p>
   </div>
   <div class='ocr_carea' id='block_1_3' title="bbox 467 2520 1614 2655">
    <p class='ocr_par' dir='ltr' id='par_1_3' title="bbox 467 2520 1614 2655">
     <span class='ocr_line' id='line_1_31' title="bbox 474 2520 1614 2587; baseline 0.006 -20"><span class='ocrx_word' id='word_1_186' title='bbox 474 2520 565 2567; x_wconf 83' lang='lat' dir='ltr'><strong><em>Cic.</em></strong></span> <span class='ocrx_word' id='word_1_187' title='bbox 587 2529 690 2569; x_wconf 81' lang='lat' dir='ltr'>Att.</span> <span class='ocrx_word' id='word_1_188' title='bbox 718 2537 755 2570; x_wconf 89' lang='lat'>1.</span> <span class='ocrx_word' id='word_1_189' title='bbox 782 2532 825 2571; x_wconf 74' lang='grc' dir='ltr'>η’.</span> <span class='ocrx_word' id='word_1_190' title='bbox 855 2539 895 2571; x_wconf 89' lang='lat'>1.</span> <span class='ocrx_word' id='word_1_191' title='bbox 918 2523 1015 2570; x_wconf 83' lang='lat' dir='ltr'>init.</span> <span class='ocrx_word' id='word_1_192' title='bbox 1081 2536 1107 2570; x_wconf 89' lang='lat' dir='ltr'>e</span> <span class='ocrx_word' id='word_1_193' title='bbox 1138 2522 1230 2574; x_wconf 84' lang='lat' dir='ltr'>Vid.</span> <span class='ocrx_word' id='word_1_194' title='bbox 1255 2521 1614 2587; x_wconf 57' lang='lat' dir='ltr'>Casaubmdssic.</span> 
     </span>
     <span class='ocr_line' id='line_1_32' title="bbox 467 2586 1420 2655; baseline 0.007 -20"><span class='ocrx_word' id='word_1_195' title='bbox 467 2590 573 2653; x_wconf 57' lang='lat' dir='ltr'>Ate:</span> <span class='ocrx_word' id='word_1_196' title='bbox 602 2599 643 2637; x_wconf 87' lang='lat'>1.</span> <span class='ocrx_word' id='word_1_197' title='bbox 672 2601 710 2639; x_wconf 79' lang='lat'>1.</span> <span class='ocrx_word' id='word_1_198' title='bbox 728 2598 773 2652; x_wconf 84' lang='lat' dir='ltr'>p.</span> <span class='ocrx_word' id='word_1_199' title='bbox 801 2602 872 2655; x_wconf 52' lang='grc' dir='ltr'>Ως,</span> <span class='ocrx_word' id='word_1_200' title='bbox 899 2587 996 2655; x_wconf 62' lang='lat' dir='ltr'><em>edit.</em></span> <span class='ocrx_word' id='word_1_201' title='bbox 1018 2591 1184 2655; x_wconf 61' lang='lat' dir='ltr'><strong><em>Graey.</em></strong></span> <span class='ocrx_word' id='word_1_202' title='bbox 1268 2587 1272 2588; x_wconf 42' lang='lat'><em>⁷</em></span> <span class='ocrx_word' id='word_1_203' title='bbox 1404 2586 1420 2589; x_wconf 57' lang='grc'><strong>“</strong></span> 
     </span>
    </p>
   </div>
  </div>
 </body>
</html>
