1747 2936
521 75 653 165 568
776 134 779 137 ,
866 72 1467 138 ΟοΜΡΕΝυιυΜ

525 179 623 245 M
652 173 943 259 fingulare
977 170 1269 256 fignificat
1295 174 1556 241 Marcum
1573 174 1742 253 3had

525 281 666 324 vero
693 273 834 319 nota
874 258 979 320 Μ’
1009 298 1031 335 ,
1072 255 1168 317 vel
1212 255 1385 317 etiam
1429 256 1603 322 altera
1641 264 1738 327 Ma

528 345 809 409 Manium.
826 340 1022 420 Origo
1040 355 1237 398 autem
1268 338 1481 410 horum
1512 361 1736 422 praeno.

530 426 725 486 mium
754 445 787 483 a
815 420 1230 482 Grammaticis
1260 421 1382 502 peti
1412 423 1636 504 potest.‘
1674 428 1734 490 E*

526 506 895 589 *fingularum
911 503 1197 564 Gentium
1225 504 1460 564 nomina
1472 505 1624 567 unde
1652 529 1735 589 po·

544 592 650 652 tita
692 589 803 648 fint
829 587 890 648 in
928 585 1116 647 hocce
1159 586 1512 668 compendio
1556 591 1730 652 nostr<

543 670 837 752 explicare
862 667 1133 751 putidum
1172 667 1342 728 foret.
1426 667 1722 752 Cognom'

545 775 619 814 na
645 773 784 813 vero
811 752 904 813 vel
930 749 1002 811 ab
1030 753 1206 812 animo
1247 749 1574 832 ducuntur,
1616 769 1683 815 ut
1721 786 1724 793 v

519 836 797 918 sapientia
827 838 1001 906 Cato,
1051 834 1261 912 (Catus
1286 833 1441 894 enim
1468 836 1722 900 veteribu

520 919 738 998 ffipiens
795 914 1093 977 dicebatur
1120 914 1142 989 )
1200 915 1294 976 vel
1335 936 1368 975 a
1407 919 1616 979 virtute
1652 941 1720 982 -au

534 1002 766 1061 moribus
793 1043 812 1075 ,
856 1014 922 1058 ut
966 1000 1135 1077 Frugi
1160 1040 1181 1075 ,
1227 999 1432 1079 Gurges
1460 1041 1482 1075 ,
1522 1002 1710 1079 Nepos

534 1082 713 1159 Pius,
758 1081 875 1141 &Q
918 1079 1011 1142 vel
1052 1080 1123 1141 ab
1166 1095 1287 1140 arte
1312 1124 1335 1158 ,
1391 1096 1460 1141 ut
1507 1083 1697 1144 Piblor

532 1164 627 1224 vel
654 1164 724 1224 ab
768 1177 963 1223 eventu
977 1205 998 1239 ,
1039 1178 1138 1223 aut
1166 1160 1324 1240 fatto
1363 1165 1539 1243 aliquo
1563 1170 1712 1247 singu

534 1248 678 1322 lari,
720 1261 789 1305 ut
813 1245 1070 1324 Papirius
1098 1245 1527 1324 Praetextatus,
1555 1248 1635 1307 ita
1660 1249 1709 1309 id

533 1325 694 1404 ἃυε,
750 1325 908 1407 quod
949 1326 1009 1385 in
1039 1339 1331 1403 praetexta
1370 1341 1555 1389 aetate
1594 1351 1705 1392 arc}

534 1427 678 1468 num
720 1425 916 1488 tegere
955 1405 1228 1488 potuisset
1245 1434 1267 1481 3
1316 1406 1396 1484 (fi
1436 1410 1618 1471 modo
1645 1434 1702 1474 v<

523 1508 657 1550 rum
701 1487 773 1550 fit
800 1532 821 1565 ,
864 1487 1022 1569 quod
1065 1487 1137 1547 de
1177 1508 1250 1547 eo
1289 1505 1548 1552 narratur
1578 1494 1637 1567 a)
1682 1497 1699 1554 ι’

523 1569 838 1631 Tremellius
880 1567 1071 1649 Scrofa
1113 1567 1184 1628 ab
1228 1587 1441 1629 eventu
1480 1570 1696 1636 facetiss

528 1673 668 1730 mc,
712 1671 888 1734 quem
928 1667 1117 1711 narrat
1157 1651 1471 1714 Macrobius
1508 1653 1644 1717 loco
1684 1662 1692 1718 .·'

526 1734 789 1815 margine
831 1733 1047 1806 citat03
1092 1733 1186 1794 vel
1210 1754 1242 1792 a
1283 1737 1507 1812 corporis
1531 1736 1700 1800 habia

528 1831 597 1876 ut
642 1820 885 1894 Calvus,
931 1817 1182 1893 Crafflts,
1225 1816 1455 1893 Macer,
1487 1817 1606 1878 &a
1648 1841 1699 1883 V·

526 1919 560 1958 a
585 1899 938 1977 sacerdotiis,
982 1910 1049 1956 ut
1077 1900 1424 1978 Augurinus,
1455 1900 1640 1962 Camil

523 1982 859 2058 Flaminius,
921 1981 1221 2052 Sacerdos,
1280 1978 1373 2039 vel
1414 2001 1446 2039 a
1496 1982 1678 2062 Piscib

522 2063 711 2123 Orata
738 2106 759 2139 ,
828 2062 1106 2124 Muraena
1134 2060 1160 2099 b
1189 2087 1211 2133 5
1288 2060 1380 2122 vel
1420 2060 1664 2147 denique

507 2142 628 2222 frus
651 2146 766 2203 ibus
791 2187 813 2220 ,
870 2142 962 2203 vel
1015 2162 1263 2222 agrorum
1318 2145 1461 2203 cultu
1488 2187 1509 2222 ,
1581 2151 1679 2231 (qa

518 2225 608 2302 pri
633 2225 711 2286 cis
764 2224 1049 2286 Romanis
1087 2222 1501 2286 honestiffimus
1551 2224 1676 2289 hab<

516 2304 709 2448 lgatur)
745 2322 814 2368 ut
838 2309 1061 2369 Lentuli
1074 2351 1096 2386 ,
1137 2306 1393 2385 Pisones,
1439 2309 1674 2461 Cicgrofle

557 2406 634 2449 νε.
1548 2435 1559 2448 .
1641 2416 1643 2418 ·

506 2522 533 2557 a
589 2511 730 2573 Apud
769 2509 967 2560 Macrob.
997 2518 1177 2560 saturn.
1214 2522 1256 2559 1.
1287 2525 1323 2559 c.
1352 2508 1399 2556 6.
1496 2505 1526 2556 b
1579 2513 1670 2559 γῆν

567 2572 619 2622 de
649 2581 704 2624 R.
731 2580 786 2626 R.
819 2589 927 2628 111.
953 2589 1007 2640 ’3.
1038 2575 1211 2628 Colum.
1241 2587 1382 2626 vzu.
1418 2568 1493 2627 ιδ.
