1747 2936
416 102 500 189 14
723 95 1316 164 CoMPENDIUM'
1411 124 1416 129 ”

411 202 640 271 numiffi
665 216 862 263 tamen
888 199 1106 263 tribum
1120 247 1142 281 ‚
1173 201 1289 265 five
1307 204 1402 286 jus
1427 200 1625 265 suffras

412 290 496 373 gii
523 308 643 348 non
673 287 862 345 statim
889 283 1277 366 accipiebant:
1324 285 1442 346 hoc
1474 286 1630 357 enim

413 392 538 432 non
576 369 681 431 nifi
724 390 763 445 av
795 366 1026 450 Populo
1071 366 1213 428 olim
1257 367 1322 447 ὃς
1362 368 1559 451 postea
1599 391 1632 432 a

412 453 686 535 Principe
755 447 1200 511 concedebatur.
1322 450 1629 533 Tempore

413 551 611 598 autem
650 532 1070 595 Pande&arum
1110 532 1228 592 hoc
1266 534 1360 614 jus
1399 532 1631 594 emeba-

415 634 545 680 tur:
590 617 743 676 unde
767 616 1011 696 legimus
1038 631 1312 696 patronos
1337 613 1640 698 aliquando

410 698 623 784 jusfiffe
636 743 657 776 ,
699 714 768 758 ut
795 697 1060 757 haeredes
1086 695 1167 756 sui
1207 697 1427 758 tribum
1466 697 1638 759 liber-

422 782 496 843 tis
522 779 628 842 suis
655 795 930 841 emerent.
961 784 997 841 l.
1023 798 1085 862 31
1104 828 1114 839 .
1120 799 1211 859 pr.
1215 779 1290 858 ff
1323 783 1386 841 de
1401 785 1558 861 legat.
1583 791 1636 862 ζ’.

426 938 428 940 v
505 875 553 937 §.
598 862 713 923 IV.
758 862 1032 924 Diximus
1074 885 1105 923 a
1132 863 1402 924 Romulo
1445 862 1638 946 singu<-

422 945 502 1010 las
527 943 748 1006 Tribus
775 946 836 1005 in
862 943 1066 1006 decem
1111 948 1308 1006 Curias
1349 945 1510 1006 fuisse
1550 945 1638 1016 dig·

424 1027 561 1090 visas
575 1071 597 1106 9
640 1026 847 1109 quibus
873 1048 906 1086 a
933 1028 1105 1110 raptis
1139 1027 1359 1090 Sabinis
1403 1030 1640 1093 nomina

421 1109 584 1173 fuiss‘e
623 1108 804 1170 indita
845 1109 1079 1192 quidam
1132 1110 1340 1172 volunt
1370 1126 1392 1154 ὃ
1420 1141 1442 1186 3
1500 1109 1602 1180 sed⁴
1620 1156 1644 1194 9

422 1214 564 1255 cum
618 1215 683 1254 ea
742 1193 1090 1273 (maximam
1129 1191 1325 1255 saltem
1379 1198 1642 1278 partem)

421 1274 496 1335 ad
523 1297 628 1337 nos
669 1296 788 1336 non
816 1277 1179 1357 pervenerint
1194 1319 1213 1352 ,
1256 1277 1474 1338 incerta
1499 1278 1644 1341 haec

422 1357 584 1420 sunt:
630 1356 839 1419 Dictae
868 1374 1061 1419 autem
1100 1357 1229 1418 sunt
1273 1361 1472 1419 Curiae
1506 1362 1646 1442 jux—

425 1457 488 1503 ta
513 1439 788 1525 quosdam
815 1464 849 1501 a
890 1442 1153 1518 cammah,
1196 1439 1414 1502 scilicet
1439 1442 1605 1518 sacra
1621 1474 1647 1519 3

427 1545 686 1606 quaeque
741 1524 897 1584 enim
941 1523 1120 1583 Curia
1172 1521 1323 1584 sacra
1365 1523 1644 1606 quaedam

428 1604 535 1667 fibi
576 1605 881 1689 peculiaria
919 1604 1166 1666 habebat
1196 1649 1216 1682 ‚
1275 1627 1418 1688 quae
1458 1629 1491 1666 a
1535 1611 1646 1670 Cu-

428 1693 576 1749 rione
605 1690 683 1767 (is
727 1689 938 1749 Curiae
979 1703 1234 1769 praeerat
1261 1687 1323 1762 b)
1369 1688 1645 1751 curaban-

431 1785 545 1830 tur.
627 1768 808 1830 Unde
851 1770 1040 1829 curiae
1082 1768 1287 1830 similes
1329 1770 1446 1833 fere
1489 1790 1648 1834 erant

433 1852 719 1912 Paroeciis
759 1853 855 1913 vel
894 1852 1220 1930 Parochiis,
1262 1869 1330 1912 ut
1372 1872 1647 1938 corrupte

434 1933 614 1994 hodie
637 1933 927 1995 dicuntur.
958 1932 1099 1995 Vid.
1115 1934 1278 1994 Fam.
1311 1937 1646 1999 Nardinum
1694 1985 1701 1994 .

435 2015 638 2077 Roma
679 2033 796 2078 vet.
840 2018 915 2077 L.
968 2038 1060 2076 11.
1105 2037 1157 2075 e.
1188 2017 1269 2076 T.
1309 2038 1397 2079 ιν.
1430 2019 1647 2081 Graev.

435 2098 729 2160 Omnibus
770 2121 908 2159 vero
955 2098 1307 2167 Curionibus
1347 2119 1601 2183 praeerat
1626 2136 1652 2180 ι,

438 2181 540 2263 qui
587 2183 747 2243 Curio
789 2183 1079 2245 Maximus
1133 2180 1447 2245 dicebatur.
1529 2184 1649 2246 Vel

443 2357 470 2392 a
501 2345 605 2400 [ἐν.
633 2361 672 2394 1.
694 2359 784 2409 cap.
809 2360 851 2409 3.
873 2347 1022 2395 Aliter
1054 2347 1186 2394 Dion.
1217 2348 1321 2395 Hal.
1343 2356 1394 2396 L.
1423 2265 1652 2407 ΠΞΫἸἹΕ.

507 2429 560 2458 ex
582 2419 708 2458 Varr.
728 2429 782 2464 &-
805 2412 924 2460 Plut.
953 2412 1130 2460 Romulo
1146 2423 1188 2474 p.
1215 2429 1277 2458 m.
1301 2427 1378 2476 30.
1405 2414 1499 2461 Vici.
1529 2421 1655 2462 Fam.

510 2475 704 2524 Nardini
736 2485 919 2525 Romam
953 2490 1044 2522 vet.
1078 2484 1129 2525 L.
1168 2491 1238 2525 11.
1274 2494 1309 2526 c.
1348 2492 1390 2529 1.
1421 2484 1539 2527 Tam.
1580 2493 1653 2526 1v.
1685 2485 1691 2491 “

511 2545 678 2586 Graev.
698 2558 741 2589 n.
762 2536 874 2604 948.
938 2541 967 2591 b
1000 2540 1092 2595 Vid.
1113 2541 1444 2601 PlauRAanl.
1465 2547 1529 2593 A.
1555 2548 1652 2593 ιδ.

411 2676 415 2678 -
514 2611 598 2652 11.
617 2605 684 2667 vs.
712 2619 789 2668 29.
